3034 5067
689 432 710 501 3

596 522 807 533 'evm-0

146 626 346 710 contingeret
377 624 597 695 demonstrare
635 629 833 715 epitaphium
867 627 968 695 nihilo
1001 628 1109 698 secius
1138 628 1260 716 Lysiae

145 733 348 800 tribuendum
374 742 581 819 veterumque
612 736 803 804 testimoniis
835 736 933 802 iidem
964 756 1037 804 esse
1068 737 1258 809 habendam.

143 839 250 924 Atque
271 848 321 927 ut,
353 842 504 926 quoniam
524 843 608 909 haec
634 862 686 910 res
717 851 785 910 tam
811 843 954 911 difficilis
982 851 1045 929 est,
1077 844 1187 930 timeo,
1218 864 1259 911 ne

143 946 303 1013 audaciae
330 949 583 1033 temeritatisque
610 950 728 1017 crimen
756 951 902 1036 subeam,
933 950 1020 1033 quod
1050 950 1155 1017 audeo
1185 970 1258 1016 eam

142 1059 269 1122 tentare
292 1052 461 1139 denuoque
482 1056 517 1121 in
538 1055 678 1122 medium
700 1056 858 1142 prolerre,
879 1056 940 1140 ita,
969 1056 1120 1140 quoniam
1143 1057 1258 1123 eadem

143 1168 211 1227 tam
235 1162 345 1245 gravis
369 1170 427 1249 est,
451 1181 545 1249 spero
569 1163 848 1248 operaepretium
870 1184 922 1231 me
945 1182 1019 1231 csse
1038 1164 1205 1250 facturum,
1229 1164 1258 1230 si

140 1268 219 1333 mihi
243 1269 420 1354 contigerit·
441 1269 484 1335 ad
515 1290 587 1337 eam
610 1276 697 1337 certo
725 1290 765 1336 ac
788 1267 919 1336 delinite
942 1269 1182 1336 diiudicandam
1204 1270 1258 1337 vel

139 1375 308 1442 minimum
332 1376 486 1444 conferre.

230 1768 265 1833 Si
280 1767 499 1835 examinamus
510 1774 709 1853 argumenta,
723 1788 807 1851 quae
821 1768 855 1832 in
869 1766 1025 1853 epitaphii
1034 1788 1111 1835 vero
1122 1774 1254 1835 auctore

138 1874 337 1957 exquirendo
365 1874 398 1939 in
425 1881 592 1957 utramque
619 1880 744 1959 partem
773 1894 793 1939 a
815 1873 893 1939 viris
921 1873 1025 1941 doctis
1053 1874 1252 1941 extrinsecus

138 1991 358 2066 assumuntur,
385 2001 449 2046 non
477 1987 544 2046 tam
571 1980 805 2047 dissensionem
831 1980 993 2045 hominum
1020 1981 1128 2047 mirari
1156 2001 1254 2064 quam

136 2108 244 2154 rerum
268 2088 512 2172 ambiguitatem
535 2086 644 2153 dolere
667 2086 830 2153 debemus.
867 2088 951 2154 Nam
963 2087 1134 2154 Lebeauus
1156 2087 1254 2187 iique,

136 2196 192 2279 qni
207 2194 408 2281 epitaphium
421 2194 542 2279 Lysiae
562 2213 634 2261 esse
647 2192 767 2278 volunt,
791 2192 1056 2276 Schoenbomii1)
1072 2194 1252 2279 exemplum

137 2301 242 2368 secuti
271 2299 466 2367 contendunt
493 2301 662 2367 Platonem
692 2300 725 2365 in
754 2299 885 2384 dialogo
913 2300 1091 2367 Menexeno
1125 2321 1252 2386 compo·

135 2407 244 2475 nendo
269 2428 308 2473 ea
330 2407 455 2474 ratione
479 2406 609 2473 ductum
632 2426 713 2491 esse,
736 2411 772 2473 ut
793 2405 856 2471 hac
880 2425 940 2472 sua
962 2407 1107 2472 oratione
1128 2406 1252 2474 funebri

8 2528 21 2606 ὲ)
136 2516 260 2600 Lysiae
303 2513 505 2600 potissimum
542 2512 740 2598 epitaphium
781 2520 848 2578 tum
882 2512 1114 2597 perstringeret
1155 2519 1252 2596 atque

8 2616 9 2631 ³
136 2620 301 2705 irrideret,
331 2626 398 2685 tum
425 2619 566 2686 vinceret
593 2640 632 2685 ac
661 2625 838 2705 superaret.
882 2619 926 2683 At
952 2638 1029 2685 vero
1057 2620 1251 2686 Menexenus

136 2729 208 2814 ipse
225 2748 245 2792 a
259 2727 368 2793 multis
391 2727 424 2792 in
438 2726 670 2793 dubitationem
683 2731 818 2791 vocatur
831 2732 929 2810 atque
944 2724 987 2791 ad
1002 2724 1253 2793 declamatorem

136 2835 280 2918 aliquem
294 2833 482 2919 posterioris
496 2832 649 2917 temporis
663 2831 801 2897 reicitur.
847 2830 932 2908 Quin
945 2832 1044 2897 etiam
1053 2831 1252 2916 Sauppiusb

136 2941 306 3025 indicium,
339 2959 401 3023 quo
429 2945 563 3022 utraque
596 2937 691 3003 simul
721 2937 836 3002 harum
864 2938 1043 3003 orationum
1069 2938 1252 3023 reieeretur,

137 3049 199 3116 sibi
215 3046 346 3113 videtur
360 3045 543 3134 repperisse
559 3042 754 3110 contendens
770 3042 865 3109 ludos
880 3042 1039 3128 fimebres,
1062 3062 1196 3127 quorum
1219 3045 1253 3110 in

135 3162 276 3238 utraque
308 3153 453 3219 oratione
484 3152 602 3219 mentio
635 3149 683 3236 fit,
717 3149 794 3216 belli
827 3149 1023 3215 Corinthiaci
1055 3150 1252 3235 temporibus

135 3261 281 3329 nondum
297 3260 476 3327 celebratos
499 3258 608 3326 fuisse.
653 3256 778 3323 Eadem
796 3262 893 3340 atquc
909 3256 1072 3323 simillima
1095 3258 1252 3343 estrada,

137 3391 202 3454 qua
240 3368 363 3453 Lysiae
400 3365 583 3453 epitaphius
625 3386 696 3430 cum
732 3363 917 3430 Aristotelis
958 3363 1038 3429 artis
1074 3361 1252 3431 rhetoricae

135 3478 219 3544 libro
252 3475 302 3539 III
334 3473 492 3540 cohaeret
536 3473 618 3540 Nam
651 3491 721 3537 cum
753 3470 799 3535 ibi
831 3490 857 3535 c.
888 3472 958 3555 10‚7
991 3468 1253 3537 manifestissime

137 3582 326 3671 epitaphius
349 3586 458 3647 noster
474 3578 682 3661 confirmetur,
706 3576 764 3642 alii
786 3574 871 3641 hunc
893 3575 998 3641 locum
1020 3594 1079 3641 suo
1103 3576 1171 3643 iure
1193 3598 1252 3663 pro

136 3688 325 3759 testimonio
348 3687 444 3753 huius
460 3685 615 3752 orationis
631 3682 834 3749 auctoritatis
849 3681 1020 3767 accipiunt,
1044 3702 1115 3747 cum
1137 3682 1194 3748 alii
1218 3682 1252 3748 id

138 3796 233 3864 nihili
250 3795 374 3860 faciant
389 3814 493 3877 neque
509 3797 628 3876 curent,
651 3788 802 3873 quoniam
815 3787 905 3854 illum
919 3807 1046 3872 quoque
1060 3788 1176 3855 librum
1192 3811 1251 3875 pro

137 3904 250 3992 spurio
274 3923 314 3968 ac
337 3899 475 3985 subdito,
498 3904 584 3964 certe
606 3916 664 3983 pro
688 3895 830 3980 graviter
852 3895 1045 3980 interpolato
1068 3894 1251 3962 habendum

137 4032 212 4079 esse
227 4009 433 4076 arbitrantur.
465 4003 552 4083 Quid
564 4024 641 4071 vero
656 4002 762 4068 dicam
776 4000 817 4068 de
831 4001 965 4086 ratione,
988 4019 1072 4083 quae
1087 4000 1251 4086 epitaphio

137 4115 312 4184 intercedit
335 4134 405 4180 cum
418 4111 615 4198 panegyrico
628 4108 804 4177 Isocratis?
850 4106 941 4184 Quae
960 4105 1089 4190 quidem
1104 4108 1251 4190 quaestio

211 4294 233 4365 ¹)
252 4294 344 4351 Ueber
356 4292 404 4346 dus
414 4288 586 4346 Verbaltniss
599 4305 652 4342 uon
662 4286 774 4340 Platona
782 4286 948 4341 Menexenus
961 4302 994 4337 au
1008 4283 1071 4338 dem
1085 4283 1251 4353 Epitaphius

137 4388 163 4442 d.
182 4386 290 4457 Lysias.
327 4381 424 4436 Guben
443 4380 519 4434 1830.
538 4379 563 4431 4.

212 4474 234 4544 ²)
253 4473 347 4530 coest.
366 4469 466 4524 Nachr.
486 4467 562 4530 1864,
581 4483 607 4534 p.
629 4466 678 4519 199
698 4482 730 4517 ss.
1059 4549 1092 4603 1*
