3034 5067
667 444 707 509 31

130 637 359 704 consideratae
396 645 493 721 atque
529 637 573 703 ad
609 638 766 704 rationem
797 637 998 723 frequentiae
1029 647 1245 724 perpensatae

129 744 244 828 utique
274 744 504 829 proprietatem
537 744 699 829 quandam
732 745 869 811 oratoris
904 744 1070 812 declarare
1101 754 1245 832 possunt,

132 852 288 935 quoniam
310 852 344 917 in
371 852 433 917 hac
459 851 660 936 potissimum
689 872 724 917 re
752 852 813 919 sibi
842 852 977 936 quisque
1005 853 1142 919 maxime
1172 874 1245 919 oon·

130 964 222 1025 stare
243 958 380 1026 videtur.
431 959 537 1043 Atque
565 959 608 1024 ad
636 960 817 1042 graviorem
844 959 1005 1043 quandam
1032 960 1085 1026 vel
1113 982 1245 1045 genera·

130 1065 248 1131 liorem
269 1086 337 1132 rem
359 1066 528 1132 transitum
552 1066 674 1131 faciunt
695 1066 930 1153 ingressionem
959 1066 1072 1141 ἐκεῖνος
1095 1074 1146 1155 μὲν
1170 1065 1246 1134 οὖν·

133 1169 224 1245 οὗτος
246 1175 277 1237 δὲ
310 1174 405 1252 669.
428 1172 467 1241 fr.
490 1174 542 1258 53,
573 1176 611 1256 33
642 1170 716 1238 καθ’
755 1170 880 1238 ἕκαστον
911 1178 961 1260 μὲν
993 1171 1044 1239 οὖν
1080 1172 1114 1240 οὗ
1147 1172 1246 1260 ῥᾴδιον

131 1282 152 1359 6
178 1282 231 1365 54,
254 1278 321 1345 fere
345 1280 554 1365 compositum
578 1300 617 1346 ex
641 1282 693 1365 32,
717 1284 737 1347 6
761 1286 794 1346 et
815 1284 846 1365 4,
872 1285 927 1364 113
950 1280 1032 1346 ἀλλὰ
1054 1292 1146 1347 ταῦτα
1169 1290 1247 1369 μὲν-

131 1389 165 1451 δὲ
194 1390 213 1467 6
249 1390 301 1454 61.
336 1389 385 1472 19,
418 1390 447 1455 8.
505 1386 680 1473 Compares
712 1406 834 1470 quaeso
865 1407 974 1473 porro:
1013 1387 1093 1460 ἄξιον
1129 1390 1160 1453 δὲ
1194 1395 1248 1455 καὶ

134 1492 290 1559 adiuncto
313 1492 440 1559 nomine
464 1498 484 1576 6
512 1496 564 1563 66.
598 1497 648 1579 18,
672 1497 723 1562 26.
757 1497 809 1578 31,
837 1496 896 1577 26;
928 1490 967 1559 οἵ)
990 1497 1180 1582 δυνάμενοι
1212 1499 1247 1561 δὲ

131 1604 265 1666 notros
287 1612 408 1688 τυχεῖν
440 1604 461 1681 6
496 1604 524 1668 7.
550 1604 599 1685 12,
627 1600 681 1677 59,
709 1599 748 1666 cl.
778 1601 814 1667 fr.
842 1603 894 1668 39.
923 1600 960 1666 fr.
990 1604 1040 1686 75,
1068 1605 1088 1669 6
1112 1599 1146 1667 οὐ
1169 1604 1194 1667 δ.
1220 1606 1245 1668 δ.

130 1708 184 1772 Ex
197 1707 388 1774 transitione
401 1710 450 1792 12,
463 1711 503 1775 79
517 1710 637 1773 πολλῶν
651 1712 746 1774 δὲκαὶ
760 1711 899 1795 μεγάλων
912 1711 1048 1774 erasmo
1059 1706 1248 1795 ὑπαρξάντων

131 1814 240 1900 ἄνδρες
263 1813 376 1898 ἀγαθοὶ
398 1821 546 1901 γενόμενοι
569 1815 662 1898 quasi
677 1814 762 1880 duae
776 1814 833 1879 illa
847 1815 1007 1900 particula
1021 1815 1157 1883 effectae
1173 1824 1247 1883 sunt

132 1922 221 2001 672
246 1928 278 1987 et
305 1924 325 2002 6
349 1922 401 1987 25.
446 1920 617 1987 Adiunctio
650 1922 806 1988 formulae
839 1924 926 2002 627
964 1925 1045 1988 ὃδὲ
1081 1930 1249 2010 μέγιστον

133 2033 361 2115 σημεῖον-γὰρ,
392 2035 547 2113 quotquot
570 2029 638 2095 eius
662 2030 790 2114 generis
813 2029 901 2115 apud
923 2031 1099 2096 Isocratem
1121 2052 1248 2116 quoque

133 2136 355 2222 inveniuntur,
388 2136 507 2221 optime
539 2138 694 2223 probatur
726 2140 776 2222 19,
809 2138 860 2205 25.
913 2138 965 2203 De
996 2138 1156 2223 particula
1183 2146 1247 2225 γάρ,

135 2243 227 2307 ouius
250 2243 529 2326 frequentissimus
550 2244 585 2309 in
608 2244 774 2329 epitaphio
797 2263 875 2310 usus
898 2243 931 2309 in
960 2245 1081 2329 Lysiae
1108 2244 1248 2312 dictione

134 2349 275 2433 logicam
289 2350 379 2415 illarn
394 2350 624 2417 sententiarum
640 2351 898 2417 consecutionem
920 2371 979 2436 per
1000 2371 1036 2417 se
1054 2352 1136 2419 satis
1149 2360 1248 2439 notat,

135 2463 400 2523 commemoretur
423 2457 590 2543 usurpatio
623 2458 657 2523 in
685 2457 805 2543 duplici
837 2458 978 2542 quadam
1009 2458 1249 2527 confirmatione

20 2556 22 2577 ³
134 2567 156 2644 6
186 2568 224 2630 17
250 2570 282 2631 et
308 2567 357 2644 19,
371 2567 410 2629 18
434 2564 455 2651 ἥ
478 2588 507 2629 τε
529 2570 587 2650 γὰρ
610 2564 751 2653 (nmio)
768 2598 784 2611 -
798 2571 863 2650 γάρ,
888 2563 1005 2630 deinde
1020 2564 1053 2629 in
1065 2566 1249 2633 narratione

133 2671 212 2755 ipsa
227 2670 500 2755 exordienda§4.
515 2674 545 2756 3,
555 2673 585 2739 5.
611 2674 638 2757 7,
649 2674 678 2737 4.
704 2674 754 2757 10,
765 2674 795 2740 4.
822 2674 871 2757 13,
881 2672 911 2739 5.
938 2674 986 2757 16,
996 2675 1026 2737 4.
1050 2674 1101 2757 22,
1111 2676 1142 2738 2.
1166 2676 1249 2759 23,2.

136 2778 323 2845 Certissima
354 2799 431 2845 vero
462 2778 584 2863 Lysiae
616 2778 718 2844 facies
751 2778 892 2844 cernitur
923 2786 956 2844 et
984 2780 1171 2862 agnoscitur
1198 2780 1250 2847 his

134 2884 367 2970 particularum
398 2886 626 2953 iunctionibus:
660 2884 737 2951 ὥστε
770 2884 855 2971 (cia)
887 2886 968 2958 ἄξιον
1001 2888 1099 2967 660.
1154 2892 1250 2969 671.

138 2994 190 3077 14,
213 2995 265 3060 44.
291 2997 340 3078 16,
367 2996 415 3060 19.
438 2995 490 3078 21,
517 2995 565 3060 13.
588 2990 640 3078 25,
664 2995 715 3059 27.
739 2994 791 3077 26,
815 2995 844 3059 9.
867 2996 919 3072 28,
947 2997 996 3078 11,
1021 2998 1073 3080 15,
1099 2999 1153 3078 17,
1177 2994 1251 3061 ὥστε

134 3106 283 3186 προσήκει
304 3100 350 3185 (ν)
373 3103 393 3181 6
418 3103 468 3167 79.
493 3102 522 3185 4,
548 3100 599 3167 14.
624 3101 675 3184 30,
700 3101 751 3165 33.
775 3102 826 3184 31,
853 3100 902 3167 13.
953 3100 1005 3165 Er.
1033 3102 1141 3185 233ος
1168 3101 1250 3189 ὅμως

136 3206 163 3271 δ’
186 3206 300 3295 ἀνάγκη
325 3211 344 3288 6
370 3210 421 3274 81.
469 3210 520 3292 22,
545 3210 573 3274 7.
628 3206 665 3271 In
699 3206 902 3292 oppositione
933 3206 1086 3280 ἐξὸν-οὒκ
1117 3207 1251 3298 ἠθέλησε

137 3316 158 3393 6
183 3314 236 3380 28.
259 3317 289 3399 4,
317 3316 364 3380 10.
388 3314 453 3399 (25,
479 3315 532 3395 14)
556 3313 731 3380 infinitivus
754 3314 844 3379 verbi
865 3314 899 3380 in
916 3314 1094 3399 posteriore
1109 3317 1249 3382 membro

136 3440 203 3485 non
227 3421 331 3504 magis
354 3420 468 3486 iterum
491 3427 640 3506 receptus
669 3427 719 3487 est
745 3440 842 3504 quam
870 3421 1012 3505 alioquin
1044 3422 1132 3507 apud
1165 3423 1251 3491 idem

137 3528 271 3593 verbum
303 3527 460 3593 auxiliare
494 3532 522 3608 1,
549 3530 598 3596 12.
634 3532 661 3613 7,
684 3530 737 3595 34.
771 3531 823 3613 22,
850 3532 898 3596 13.
930 3531 982 3615 32,
1009 3532 1057 3596 12.
1085 3530 1124 3597 fr.
1147 3532 1198 3617 75,
1221 3534 1251 3597 3.

137 3636 221 3701 Xeu.
244 3636 328 3702 Hell.
350 3636 403 3722 IV,
428 3638 457 3721 3,
488 3636 528 3701 19
557 3633 708 3707 ἐξὸν-οὒκ
739 3634 880 3722 ἐποίησε
910 3646 1024 3702 τοῦτο.
1079 3638 1149 3703 Hoc
1179 3638 1250 3704 loco

138 3743 245 3828 miror,
270 3742 428 3826 quomodo
451 3740 650 3824 Richterus¹l
674 3742 859 3809 vocularum
882 3742 1058 3809 iuncturam
1083 3742 1117 3810 60
1140 3752 1251 3831 μόνον·

138 3849 296 3915 ἀλλὰκαὶ
319 3854 339 3930 6
363 3853 405 3917 68
428 3871 493 3916 non
514 3849 641 3918 viderit.

209 3954 411 4041 Quamquam
432 3958 545 4041 negari
572 3956 683 4041 nequit
710 3956 909 4043 epitaphium
940 3956 974 4021 in
1005 3958 1187 4025 universum
1218 3965 1252 4026 et

138 4063 286 4147 longiore
309 4065 539 4131 sententiarum
568 4048 807 4130 continuatione
835 4072 868 4131 et
894 4064 1015 4130 maiore
1042 4066 1252 4149 congruentia

139 4171 393 4256 aequilitateque
425 4173 635 4238 membrorum
665 4171 750 4238 inter
783 4177 908 4238 ceteras
939 4171 1059 4255 Lysiae
1088 4173 1251 4239 orationes

139 4278 289 4364 eminere,
312 4286 420 4345 tamen
452 4280 537 4345 intra
566 4278 711 4362 singulas
739 4279 891 4364 periodos
922 4280 956 4343 in
984 4279 1187 4365 copulatione
1220 4288 1252 4345 et

23 4404 27 4429 ν
140 4394 301 4454 structura
323 4388 491 4453 verborum
515 4385 628 4453 eadem
659 4386 788 4452 dicendi
820 4387 874 4452 lex
901 4388 1048 4469 ratioque
1080 4394 1244 4473 comparet

216 4526 236 4597 ¹)
255 4530 273 4584 1.
292 4530 311 4584 1.
330 4498 355 4598 p]
375 4530 418 4584 ee.
