3034 5067
821 438 860 502 16

276 648 385 695 verum
408 628 505 695 etiam
527 647 586 715 pro
600 627 740 695 bostium
753 630 903 697 libertate
916 630 997 697 mori
1020 632 1107 713 568.
1156 632 1270 717 Neque
1285 632 1392 699 miuus

277 756 366 802 amor
387 736 547 802 libertatis
569 736 730 801 indieatur
752 737 889 803 earitme
910 738 1009 824 patrii
1031 738 1101 804 soli.
1146 740 1218 805 Hue
1241 745 1392 825 spectant

276 842 435 910 antitheta
458 843 619 927 optionem
642 843 725 908 inter
746 844 888 929 patriam
909 850 943 910 et
963 846 1168 929 peregrinam
1190 853 1310 913 terram
1335 846 1391 912 eli·

277 951 416 1035 gendam
447 950 659 1035 exprimentia
686 953 707 1031 θ
735 954 787 1018 62.
840 955 890 1036 14,
912 954 964 1019 38.
1009 955 1062 1038 31,
1085 954 1115 1020 9.
1169 953 1317 1037 Denique
1350 952 1392 1019 de

277 1057 501 1126 observatione
516 1064 548 1124 et
561 1057 756 1125 verecundia
770 1059 879 1142 legum
887 1058 965 1141 quid
978 1060 1132 1126 maiorem
1141 1061 1206 1127 vim
1216 1060 1391 1127 auetorita-

276 1172 404 1249 temque
434 1164 479 1231 ad
509 1171 652 1231 nostram
685 1166 878 1232 sententiam
902 1165 1018 1232 afferre
1049 1172 1158 1251 potest
1188 1167 1263 1234 bis?
1295 1170 1316 1248 ξ
1347 1170 1391 1234 25

277 1275 412 1360 μᾶλλον
443 1274 510 1345 τοὺς
540 1268 610 1357 παρ’
644 1268 740 1345 αἰετοῖς
771 1279 904 1360 νόμους
934 1270 1136 1361 αἰσχυνόμενοι
1166 1273 1188 1361 ἢ
1213 1279 1272 1339 τὸν
1301 1278 1391 1358 πρὸς

275 1381 356 1453 τοὺς
386 1378 581 1465 πολεμίους
606 1380 769 1445 κίνδυνον
800 1382 1016 1467 ρυβοίμενυι
1047 1382 1091 1465 (3,
1113 1382 1135 1447 2
1156 1404 1185 1447 ν.
1207 1383 1262 1469 μ),
1297 1383 1391 1465 14,4

277 1489 412 1574 μᾶλλον
440 1484 629 1574 ἐφοβεῖσθε
660 1488 740 1559 τους
772 1497 826 1574 της
856 1488 972 1560 πόλεως
1002 1493 1133 1574 νόμους
1163 1486 1184 1573 ἢ
1215 1491 1275 1553 τὸν
1303 1491 1390 1572 πρὸς

275 1596 355 1668 τοὺς
376 1592 569 1679 πολεμίους
590 1592 761 1658 κίνδυνον.
806 1592 854 1657 Ao
876 1610 918 1658 ne
932 1591 1102 1675 quisiorte
1123 1592 1176 1658 bie
1187 1592 1391 1679 potissimum

277 1699 318 1766 de
341 1700 449 1765 aliena
462 1697 659 1763 mutuatione
682 1698 811 1783 eogitet,
834 1697 1001 1765 elementis
1015 1699 1083 1765 fere
1098 1697 1193 1765 buius
1207 1699 1389 1766 sententiae

279 1811 329 1893 14,
352 1810 373 1874 9
396 1804 582 1873 dissocietis
605 1803 686 1871 haee
709 1803 875 1888 cogitandi
902 1805 986 1870 ratio
1012 1804 1065 1871 vel
1096 1806 1235 1871 maxime
1266 1807 1390 1891 Lysiae

278 1922 314 1981 ut
331 1912 462 1999 propria
482 1909 688 1977 attribuenda
701 1909 840 1976 videtur:
864 1912 930 1985 τοὺς
944 1912 1141 1999 πολεμίους
1164 1914 1257 1978 ἔδεισε
1275 1948 1313 1959 -
1329 1922 1390 1979 τῶν

276 2028 389 2108 νόμιον
411 2017 467 2085 oba
490 2018 652 2107 ἐφρόντισεν
677 2054 716 2065 -
742 2016 823 2084 υθδέν
847 2015 925 2104 αὐτῷ
946 2030 1002 2085 τῶν
1024 2021 1193 2085 niveoque
1215 2019 1366 2106 ἐμέλησεν.

366 2126 553 2213 Populares,
577 2126 605 2192 si
620 2144 703 2191 nuno
725 2125 809 2191 baeu
823 2125 1015 2210 quaerimus,
1037 2124 1185 2192 hostibus
1205 2126 1299 2193 vietis
1321 2147 1391 2193 rem

275 2236 437 2323 publicam
459 2233 595 2320 primum
617 2232 723 2317 magis
746 2233 780 2297 in
802 2233 985 2299 universum
1012 2239 1110 2315 atque
1137 2234 1170 2298 in
1192 2234 1388 2300 exteriorem

276 2350 401 2430 partem
423 2345 589 2407 auxerunt.
642 2340 748 2423 Atque
771 2359 820 2424 ea,
851 2360 936 2423 quae
963 2339 1016 2404 bie
1037 2339 1072 2405 in
1094 2359 1225 2407 sensum
1246 2340 1388 2426 veniunt,

276 2456 436 2515 momenta
458 2446 533 2534 plus
555 2446 659 2512 minus
683 2451 823 2530 cognata
846 2445 1006 2513 sententia
1030 2452 1062 2511 et
1084 2446 1188 2512 forma
1210 2447 1325 2513 iterum
1348 2468 1388 2513 ao

277 2558 408 2643 saepius
422 2554 635 2640 reperiuntur:
660 2556 681 2634 ὅ
696 2555 739 2620 63
754 2556 918 2641 μεγάλην
933 2558 984 2640 μὲν
999 2554 1062 2620 ἀντί
1085 2564 1214 2641 μικρᾶς
1236 2554 1388 2627 ἀπέδειξαν

275 2670 328 2752 την
351 2666 465 2739 πόλιν,
489 2660 710 2748 ὁμονοοῦσαν
733 2659 759 2724 δ’
781 2660 843 2727 ἀντὶ
865 2663 1077 2747 στασταίοίνσης
1100 2660 1262 2749 ἀπεφηναν.
1284 2660 1389 2749 τείχη

277 2771 366 2838 δ’ἀντί
387 2781 443 2837 τῶν
464 2770 731 2855 καθηρημένων
752 2772 813 2833 νέα
836 2766 1006 2855 ἀνέστησαν,
1032 2768 1117 2852 13,9
1140 2765 1216 2832 ὥστε
1239 2773 1314 2855 μητε
1332 2778 1389 2833 τῶν

276 2891 403 2967 τειχῶν
433 2879 566 2943 διελεῖν
599 2882 671 2962 μητε
702 2879 756 2961 την
787 2876 888 2941 πόλιν
920 2874 1115 2941 ἐλαττῶσαι
1138 2877 1238 2961 μηδέν,
1273 2876 1322 2960 12,
1345 2876 1389 2941 99

274 2984 346 3071 ὑπὲρ
381 3008 411 3049 τε
445 2996 499 3071 τῆς
534 2984 685 3059 πόλεως,
723 2982 761 3069 ἣν
796 2984 928 3068 μικρὰν
966 2981 1118 3068 ἐποίησαν,
1156 2978 1228 3065 orep
1263 3004 1295 3046 τε
1332 2992 1389 3045 τῶν
1511 2971 1512 2990 ’

277 3091 446 3178 νεωρίων,
470 3090 491 3153 ἃ
512 3091 698 3155 καθεῖλον.
743 3087 795 3155 De
817 3087 883 3154 illis
898 3094 1005 3154 autem
1020 3088 1109 3154 urbis
1122 3087 1226 3173 ipsius
1239 3088 1388 3154 auctibus

277 3198 459 3267 conferatur
481 3196 533 3280 25,
547 3197 591 3262 20
612 3199 665 3259 καὶ
686 3193 856 3282 ὁμόνοιαν
875 3194 1014 3282 πλείστην
1031 3201 1166 3282 ιιοιηοετε
1185 3199 1237 3260 καὶ
1254 3192 1390 3283 ἡπόλις

277 3309 359 3373 ἔσται
385 3303 542 3391 μεγίστη.
594 3300 734 3367 Consors
766 3300 904 3384 denique
934 3300 1136 3387 popularium
1167 3300 1292 3367 animus
1323 3300 1388 3367 dis-

278 3411 387 3478 cordia
411 3408 562 3495 opposita
584 3414 753 3492 praeterea
776 3406 927 3473 laudatur
951 3410 1000 3494 18,
1027 3412 1076 3493 17,
1101 3411 1151 3493 18,
1180 3407 1306 3475 ιίίεουτε
1333 3406 1387 3473 tri·

274 3518 369 3602 ginta
391 3516 529 3582 virorum
550 3512 751 3599 vituperatur
776 3516 827 3600 12,
849 3516 901 3582 55.
946 3512 1016 3582 Neo
1039 3514 1145 3581 minus
1173 3535 1257 3599 quae
1280 3520 1389 3580 orator

276 3630 446 3711 praeterea
477 3620 518 3688 de
554 3620 661 3709 patrie
696 3641 756 3689 sua
792 3620 1021 3709 amplifieanda
1055 3622 1196 3707 profert,
1233 3642 1304 3688 oum
1340 3621 1388 3686 illi

278 3730 433 3818 epitaphii
455 3729 526 3795 loeo
554 3728 673 3795 similia
701 3734 787 3814 sunt,
813 3734 881 3793 tum
907 3728 991 3794 inter
1022 3748 1058 3795 se
1088 3728 1163 3813 ipsa
1194 3732 1387 3813 congruunt:

277 3842 298 3919 ἐ
336 3838 380 3905 55
415 3836 607 3919 ἐλευθέραν
643 3840 693 3921 μὲν
735 3833 910 3922 ἐποίησαν
945 3840 997 3922 την
1037 3832 1185 3911 Ἑλλάδα,
1221 3839 1389 3923 μεγίστην

276 3943 453 4016 δ’ἀιτέδειίαν
483 3947 536 4029 την
572 3939 682 4008 ἑαυτῶν
717 3944 857 4026 πατρίδα,
890 3943 942 4026 28,
981 3945 1022 4008 14
1058 3940 1100 4015 ὡς
1137 3944 1301 4028 μεγάλην
1335 3944 1388 4006 καί

277 4049 470 4135 ἐλευθέραν
492 4053 543 4136 την
570 4052 654 4115 πόλιν
684 4054 894 4135 ποιήσουσιν,
923 4048 975 4131 25,
999 4048 1041 4113 32
1073 4052 1205 4135 μιαρὰν
1236 4044 1307 4113 εἶναι
1336 4052 1389 4135 την

277 4154 606 4244 πόλιν-ἢ-μεγάλην
628 4160 680 4221 καὶ
702 4154 908 4239 ἐλευθέραν.
954 4152 1040 4232 Quid
1057 4174 1134 4221 vero
1148 4153 1386 4239 significantius

277 4264 396 4349 Lysiae
431 4263 592 4346 ingenium
629 4261 796 4328 declarare
830 4268 939 4347 potest
976 4282 1072 4345 quam
1112 4261 1194 4328 baee
1228 4262 1388 4329 sententia

277 4369 499 4457 panegyrista?
545 4373 565 4449 ὅ
589 4371 631 4435 68
660 4368 826 4454 ἐτόλμησαν
852 4373 910 4454 γὰρ
938 4372 1096 4457 μεγάλην
1123 4378 1308 4441 ποιοῦντες
1334 4372 1388 4454 την

277 4476 412 4568 ,Ἑλλάδα
425 4513 442 4525 -
454 4473 539 4564 ὑπὲρ
556 4488 617 4565 τῆς
631 4512 647 4524 -
662 4476 879 4561 ἐλευθερίας
893 4476 1143 4564 ἀποθνήσκειν,
1169 4478 1220 4560 18,
1233 4477 1276 4541 24
1290 4472 1321 4540 οἱ
1335 4478 1388 4562 μὲν
