3034 5067
796 420 838 485 10

325 613 374 677 Ex
403 613 519 682 iisdem
550 614 728 681 rationibus
764 613 899 697 originis
931 619 964 679 ct
999 619 1135 680 naturae
1168 612 1371 696 eloquentiae

261 719 472 806 epideicticae
495 721 632 787 elocutio
656 720 815 807 epitaphii
838 721 942 805 repeti
965 727 1062 804 atque
1082 718 1237 805 explicari
1255 725 1371 804 potest.

261 826 401 911 Gorgias
423 828 458 893 in
481 827 645 914 epitaphio
670 847 728 894 suo
752 826 910 894 eiusmodi
939 826 1142 912 splendorem
1166 833 1198 892 et
1225 826 1371 911 amplitu-

261 933 366 999 dinem
400 935 568 1001 verborum
600 934 776 1001 ostentavit
807 954 847 1000 ac
869 954 948 1019 prae
977 954 1013 1000 se
1035 934 1117 1019 tulit,
1140 939 1176 999 ut
1206 932 1276 999 fieri
1308 952 1372 998 non

260 1048 380 1126 posset
404 1042 480 1125 quin
504 1041 574 1109 eius
598 1042 778 1127 exemplum
806 1047 839 1107 et
865 1040 1042 1107 auctoritas
1073 1040 1107 1105 in
1134 1040 1267 1105 multum
1294 1045 1371 1105 tem-

259 1168 321 1234 pus
343 1148 467 1215 valeret
497 1169 537 1215 ac
568 1148 743 1235 pertineret
765 1168 870 1232 neque
896 1147 930 1212 iu
959 1148 1060 1233 Lysia
1091 1147 1206 1213 effectu
1239 1152 1371 1212 careret.

260 1254 302 1319 At
325 1256 407 1320 enim
430 1255 483 1321 hic
505 1254 576 1341 ipse
600 1262 709 1321 orator
731 1255 765 1319 in
789 1274 935 1321 sermone
966 1254 1165 1320 iudicialium
1193 1253 1375 1332 orationum

260 1366 326 1426 tam
349 1361 487 1447 simplex
511 1368 561 1429 est
584 1382 680 1445 quam
704 1361 874 1446 quisquam
897 1380 971 1428 esse
984 1367 1101 1447 potest,
1125 1360 1258 1444 eiusque
1282 1366 1372 1427 tenu·

260 1468 324 1534 itas
349 1467 477 1534 dicendi
501 1489 522 1534 a
544 1469 701 1555 Dionysio
709 1470 732 1551 ¹)
765 1468 830 1554 ipsi
856 1468 999 1553 Gorgiae
1030 1488 1168 1554 pompae
1199 1472 1372 1553 praerupte

260 1575 439 1660 opponitur.
483 1575 526 1641 At
547 1576 603 1642 ille
630 1575 761 1642 criticus
794 1595 866 1641 cum
897 1575 931 1640 in
963 1575 1110 1642 omnibus
1144 1581 1210 1639 tum
1246 1574 1281 1638 in
1309 1573 1372 1639 hac

261 1682 465 1748 contentione
489 1704 528 1750 ex
551 1682 676 1769 potiore
698 1688 792 1768 parte
816 1681 979 1750 iudicasse
1002 1689 1100 1766 atque
1113 1682 1234 1768 Lysiae
1255 1681 1371 1746 oratio-

259 1809 318 1855 nes
346 1788 529 1873 iudiciales,
562 1796 673 1856 contra
705 1789 976 1856 demonstrativas
1008 1788 1169 1873 Georgiae
1201 1789 1235 1853 in
1266 1792 1372 1854 mente

259 1894 413 1962 habuisse
435 1896 571 1963 videtur.
617 1895 744 1981 Quippe
777 1896 862 1962 euim
892 1896 926 1961 in
958 1895 1210 1975 demonstratiyo
1243 1893 1372 1978 quidem

260 2022 377 2085 genere
401 2004 520 2069 oratori
542 2010 652 2069 nostro
668 2002 829 2087 quendam
850 2003 980 2068 modum
992 2002 1112 2089 poetici
1137 2007 1269 2068 omatus
1292 2020 1371 2067 sane

260 2108 445 2189 concedite
493 2110 562 2176 lam
584 2130 661 2176 vero
684 2110 749 2175 iam
773 2109 861 2196 apud
884 2109 1037 2194 Gorgiam
1059 2110 1166 2195 ipsum
1196 2108 1279 2174 inter
1307 2108 1371 2173 dno

261 2216 320 2282 illa
343 2216 473 2284 dicendi
496 2238 616 2302 genera
647 2223 771 2283 tautum
803 2216 974 2286 discrimen
1007 2216 1158 2282 dictionis
1190 2214 1373 2283 intercessit

260 2328 358 2407 atque
379 2325 495 2411 valuit,
528 2331 564 2390 ut
594 2324 715 2410 Lysiae
747 2324 933 2410 epitaphius
965 2312 1032 2390 tam
1064 2323 1245 2389 elocutione
1277 2342 1372 2406 quam

260 2432 492 2516 compositione
524 2433 578 2497 vix
609 2432 730 2498 maiore
765 2430 864 2498 distet
894 2430 1065 2497 intervallo
1098 2431 1140 2496 ab
1176 2430 1272 2496 huius
1304 2428 1372 2495 fere

260 2538 507 2605 Eratosthenica
539 2559 635 2622 quam
667 2538 754 2604 illius
784 2538 921 2604 rhetoris
945 2536 1129 2623 epitaphius
1153 2537 1194 2603 ab
1227 2534 1370 2602 eiusdem
1436 2556 1439 2561 ·

261 2644 405 2710 oratione
427 2666 484 2731 pro
508 2645 692 2711 Palamede.
737 2645 884 2729 Namque
906 2637 1033 2710 omnino
1057 2662 1167 2710 omnes
1191 2662 1259 2728 eae,
1288 2660 1370 2725 quas

260 2752 477 2837 tractavimus,
491 2772 544 2818 res
558 2751 602 2818 ad
617 2751 824 2818 iactationem
839 2751 1150 2835 ostentationemque
1164 2755 1371 2835 comparatae

260 2879 324 2924 non
347 2858 450 2925 solum
471 2860 593 2944 Lysiae
617 2859 773 2945 epitaphii
795 2858 946 2944 propriae
969 2865 1056 2943 sunt,
1084 2857 1144 2925 sed
1166 2856 1239 2942 plus
1265 2856 1371 2921 minus

261 2964 304 3030 ad
327 2970 428 3031 totum
451 2985 553 3049 genus
576 2965 689 3032 harum
703 2966 883 3031 orationum
896 2966 1066 3051 pertinent
1112 2964 1188 3030 Sive
1204 2964 1288 3029 enim
1310 2962 1372 3027 hoc

261 3073 382 3157 ingenii
401 3079 562 3139 oratorum
585 3072 654 3139 sive
669 3072 782 3139 iudicii
796 3072 979 3139 auditorum
994 3073 1063 3139 sive
1077 3071 1243 3154 utriusque
1259 3069 1371 3135 vitium

262 3185 339 3265 erat,
361 3187 397 3245 ut
421 3180 520 3247 semel
534 3180 673 3264 Gorgias
696 3180 787 3246 illam
810 3186 911 3246 artem
931 3179 1134 3263 eloquentiae
1158 3177 1371 3264 epideicticae

261 3286 396 3371 aperuit,
421 3307 530 3354 omnes
544 3287 739 3372 posteriores
763 3288 797 3352 in
810 3288 872 3354 hoc
895 3308 1013 3371 genere
1027 3306 1085 3372 per
1099 3286 1231 3370 longum
1244 3291 1371 3371 tempus

262 3394 332 3460 eius
355 3394 495 3478 vestigia
519 3395 743 3477 sequebantur.
789 3395 836 3459 Ao
859 3394 1032 3480 praecipue
1060 3394 1094 3458 in
1117 3392 1302 3459 funebribus
1331 3398 1371 3474 ct

262 3520 324 3584 quo
339 3520 486 3584 quaeque
509 3500 550 3567 iis
568 3502 773 3584 cognatiores
797 3507 896 3585 erant,
919 3501 1119 3566 orationibus
1142 3498 1316 3565 traditione
1338 3502 1371 3562 et

267 3607 375 3695 prisco
399 3606 538 3690 quodam
560 3607 623 3673 ritu
650 3607 824 3692 singularis
856 3606 1015 3691 quaedam
1046 3605 1220 3673 ostentatio
1248 3604 1373 3672 sancita

262 3712 363 3780 fuisse
385 3712 520 3799 videtur,
544 3734 627 3798 quae
643 3715 705 3779 arti
720 3713 982 3797 affectationique
1004 3714 1173 3779 materiam
1186 3712 1371 3797 praebebat,

260 3826 409 3886 naturam
450 3820 731 3904 sinceritatemque
776 3821 978 3906 reprimebat.
1037 3820 1122 3898 Quin
1163 3819 1260 3885 etiam
1301 3838 1372 3885 eum

262 3928 446 4012 eloquentia
475 3928 583 3994 Attica
610 3927 773 3994 iudicialis
800 3928 834 3993 in
861 3948 1016 3995 summum
1047 3927 1213 4012 fastigium
1248 3927 1372 4011 gloriae

262 4040 374 4102 evecta
398 4041 485 4101 esset
508 4041 605 4118 atque
628 4035 693 4100 iam
715 4033 841 4119 pridem
864 4036 1010 4102 omnibus
1033 4035 1170 4101 vinculis
1194 4034 1274 4100 artis
1293 4033 1370 4099 Gor-

262 4142 381 4226 gianae
404 4161 440 4208 se
463 4142 676 4227 liberavisset,
700 4141 733 4207 in
756 4141 998 4209 laudationibus
1022 4141 1151 4227 quidem
1175 4141 1242 4208 suis
1264 4141 1371 4206 Xeno·

261 4249 347 4335 phon
370 4248 426 4314 ille
458 4255 490 4314 et
512 4247 695 4334 Hyperides
723 4248 909 4315 affectatum
944 4249 1024 4316 illud
1055 4248 1199 4316 iactandi
1231 4246 1373 4315 studium

337 4478 356 4549 ¹)
375 4480 432 4535 Ibd.
451 4480 477 4536 3.
516 4476 537 4547 ²)
555 4480 595 4535 De
612 4480 673 4549 Lys.
693 4480 719 4535 3.
