3034 5067
670 446 713 510 29

133 654 280 735 possunt
325 647 373 710 Ao
399 643 535 729 primum
563 640 802 705 conclusionem
828 636 992 719 quandam
1021 656 1062 702 ex
1083 637 1139 720 iis,
1166 659 1252 721 quae

134 755 347 842 praecedunt,
371 750 493 817 faciunt
516 747 786 831 interrogationes
799 744 1038 829 comparativos
1052 745 1251 812 continentes

135 867 158 943 ξ
185 867 225 929 ‘16
249 856 526 933 τίνας-τίνας-οἶ,
549 858 602 939 30,
625 858 669 919 24
691 851 891 926 τίς-τίς-ὅς.
936 851 1056 917 Nescio
1077 859 1187 917 autem
1208 874 1252 917 au

136 970 321 1053 singulares
351 966 416 1032 siut
445 964 479 1029 iu
509 962 611 1047 Lysia
642 959 895 1026 exclamationes
926 958 975 1023 sic
1006 958 1129 1023 elatae:
1163 962 1252 1039 §35

135 1078 243 1141 ποίαν
257 1078 288 1139 δὲ
299 1079 443 1159 γνώμην
457 1069 559 1156 εἶχον
574 1066 658 1153 olei¹
671 1068 703 1131 οἱ
717 1069 881 1153 μέλλοντες
892 1072 1099 1152 ναομαχήαειν
1111 1062 1184 1150 ὅπερ
1195 1079 1253 1149 τῆς

136 1186 375 1271 φιλότητος-ς
393 1176 460 1253 οἷς,
484 1180 532 1254 13,
542 1178 586 1242 46
608 1174 672 1246 οὓς
693 1174 801 1237 ποίαν
817 1176 883 1237 τινὰ
900 1172 1003 1236 οἴεσθε
1024 1178 1165 1259 γνώμην
1187 1178 1253 1257 περὶ

136 1294 243 1355 uuerco
256 1292 355 1375 ἔχειν
368 1285 389 1371 ἢ
404 1282 801 1366 τοίαν-ἀποστερηθέντας
817 1281 865 1343 διὰ
882 1289 991 1343 τοῦτον
1003 1288 1066 1343 τῶν
1080 1278 1254 1366 ἡδίστων,

137 1396 180 1463 cf.
191 1400 243 1480 29,
251 1399 281 1479 2,
290 1400 321 1479 3,
332 1398 360 1461 7.
375 1391 440 1459 Sed
453 1391 552 1456 etiam
564 1388 704 1453 maiores
718 1386 821 1452 series
834 1385 1121 1469 interrogationum
1136 1387 1254 1471 partim

115 1572 122 1585 ,
138 1503 405 1569 disiunctivarnm
418 1498 637 1564 inveniuntur:
647 1496 700 1571 21,
711 1498 743 1559 8.
758 1494 870 1575 31,31.
884 1494 1034 1576 §ee-40,
1047 1513 1111 1576 quo
1124 1494 1255 1579 pnidem

143 1608 303 1695 epitaphii
316 1608 389 1672 loco
410 1604 518 1671 verbis
532 1597 1068 1688 ἠλέησεν-ἐδάκρυσεν-ἠγᾰοθη
1089 1602 1255 1667 oommise

137 1718 225 1783 ratio
238 1716 273 1781 in
287 1732 410 1781 summo
419 1709 605 1777 discrimine
614 1705 811 1773 versantium
824 1704 962 1771 effertur.
973 1707 1017 1771 At
1022 1728 1130 1791 paene
1139 1709 1254 1775 iisdem

139 1822 361 1889 attributionis
382 1819 490 1885 verbis
512 1836 589 1882 reus
612 1836 647 1880 se
669 1814 741 1898 ipse
765 1812 943 1897 complorat
962 1813 997 1878 in
1010 1815 1164 1899 periculis
1184 1838 1255 1884 ver-

142 1938 253 1997 satum
269 1932 328 2012 21,
351 1930 394 1992 24
417 1920 972 2012 ipliqon·kin'tspoon-bpvq'olqv.
1016 1922 1164 1989 Mirabile
1178 1944 1256 1990 vero

140 2037 232 2103 dictu
257 2042 316 2119 est,
339 2039 537 2118 quantopere
552 2033 725 2111 sequentes
738 2026 804 2091 loci
817 2026 880 2091 sibi
894 2027 1120 2111 respondeant
1144 2028 1207 2107 Qui
1222 2032 1256 2097 in

141 2144 333 2211 diversitate
346 2141 394 2207 rei
407 2137 639 2223 compositione
662 2141 795 2216 totoque
815 2132 946 2199 dicendi
968 2136 1077 2201 colore
1094 2137 1179 2203 adeo
1194 2139 1256 2205 sibi

145 2250 271 2317 similes
294 2255 376 2332 suut,
399 2246 490 2312 utin
512 2245 554 2311 iis
577 2239 756 2309 scribendis
780 2240 874 2321 quasi
891 2239 979 2306 idem
999 2242 1100 2307 animi
1121 2243 1258 2311 affectus

142 2363 330 2439 commotus
353 2362 460 2437 atque,
482 2356 519 2416 nt
539 2350 587 2415 ita
610 2347 724 2430 (licam,
748 2344 863 2411 eadem
885 2346 1008 2430 ingenii
1026 2348 1109 2416 libra
1122 2351 1258 2419 incitata

143 2485 219 2531 csse
232 2463 390 2529 videatur.
401 2458 507 2542 Atque
521 2458 556 2522 in
564 2452 730 2541 epitaphio
741 2460 851 2518 orator
858 2462 1053 2520 mortuorum
1062 2459 1258 2543 propinquos

15 2592 20 2621 ι
143 2571 396 2652 commiseratur,
419 2568 454 2631 iu
467 2587 513 2633 or.
530 2566 572 2630 10
594 2567 766 2627 aecusator
787 2561 829 2626 ab
852 2571 1006 2627 accusato
1029 2564 1140 2632 caedis
1155 2568 1260 2652 patris

142 2679 195 2745 sui
218 2677 422 2745 insimulatus
445 2695 482 2740 se
509 2672 615 2757 ipsum
640 2673 829 2752 patremque
856 2670 1033 2754 complorat
1059 2670 1120 2738 hoc
1144 2676 1259 2740 m0d02

190 2824 211 2904 ξ
237 2827 276 2889 'll
301 2821 393 2887 ὥστε
415 2818 675 2893 ἄξιον-ποθεῖν·
776 2818 879 2899 10‚26
890 2836 915 2881 S.
930 2822 977 2905 μὴ
990 2821 1090 2886 τοίνυν
1103 2824 1260 2891 ἐλεεῖτε-

143 2931 283 2995 ἐλεεῖν·
728 2928 906 3011 συγγνώμην
928 2925 1024 3012 ἔχετε.

144 3058 280 3141 τῐςγὰρ
295 3051 676 3137 αὐτοῖςέτιὴδονὴιιατα·
728 3054 785 3125 τίς
807 3056 873 3137 γὰρ
896 3051 935 3120 ἂν
956 3056 1038 3142 ἐμοὶ
1060 3058 1167 3143 μείζων
1186 3065 1261 3125 ταί)-

145 3164 280 3228 λείπεται
293 3166 464 3227 τοιοῦτον
486 3160 602 3243 ἀνδρῶν
614 3160 676 3219 θα·
729 3183 787 3245 της
807 3166 923 3242 γένοιτο
946 3168 1084 3250 οομιμορὰ
1106 3171 1171 3249 περὶ
1193 3190 1261 3232 τοι.

144 3275 311 3353 πετομένων,
328 3270 510 3333 οἳπάντα-
525 3263 677 3331 describi·
730 3272 839 3333 οὑτοο
866 3267 1105 3353 πατρὸςὲοῧτως
1131 3270 1261 3361 αἰσχρὰς

146 3384 202 3441 tur
211 3376 333 3441 orbitas
342 3375 591 3460 propinquorum
601 3391 677 3454 qua·
731 3374 830 3449 αἰτίας
844 3376 1041 3463 ἀκηκοόττὸς
1062 3383 1261 3455 πολλάκις·

146 3492 222 3548 tuor
244 3482 418 3548 membris·
732 3483 955 3550 describuntur
988 3487 1124 3554 virtutes
1158 3492 1262 3575 patris

731 3594 870 3678 quinque
884 3598 1051 3665 membris-

151 3714 467 3803 -ζηλῶ-οἷκτείρω-
732 3717 780 3804 ἆρ’
804 3720 886 3792 ἄξιον
908 3720 1263 3815 ὀργισθῆναι-βοηθῆσαι,

151 3841 188 3905 τί
201 3844 267 3925 γὰρ
286 3838 328 3904 ἂν
342 3844 478 3903 τοῦτον
492 3836 680 3922 ἆνιαρότε-
733 3830 768 3893 τί
780 3832 846 3915 γὰρ
870 3828 913 3895 ἂν
925 3836 1055 3897 robono
1069 3832 1263 3920 ἀνιαρότε-

152 3970 215 4033 ρον
238 3952 379 4027 γένοιτο
401 3944 421 4032 ἢ
444 3956 540 4011 τεκεῖν
556 3948 614 4032 μὲν
628 3947 681 4005 καὶ
734 3959 796 4021 ρον
818 3943 958 4017 γένοιτο
979 3936 1061 4024 αὐτῷ
1082 3939 1264 4026 ἢτεθνάναν

152 4059 266 4141 θρέψαι
292 4056 361 4127 τοὺς
387 4050 499 4136 αὑτων,
526 4051 559 4117 ἐν
581 4052 617 4113 δὲ
639 4061 682 4133 τῷ
735 4049 799 4129 μὲν
821 4040 878 4107 ὑπὸ
900 4055 961 4111 τῶν
974 4047 1108 4133 ἐχθρῶν
1124 4046 1221 4115 αἰτίαν
1234 4052 1261 4114 δ’

152 4170 233 4249 γήρορ
256 4159 520 4233 &enecone-cion
538 4196 581 4205 -
598 4194 637 4205 -
735 4150 817 4238 ἔχειν
838 4148 894 4215 ὑπὸ
917 4161 978 4219 τῶν
1000 4154 1130 4229 stateem
1153 4193 1198 4201 —
1222 4192 1263 4203 -

149 4284 682 4373 ὅσῳγὰρᾶνδρεςάμείνοοςῆσαν,
737 4277 809 4363 ὅσῳ
849 4280 995 4365 μείζους
1035 4277 1091 4343 eloi
1125 4284 1179 4344 καὶ
1213 4281 1265 4364 (l)

153 4399 311 4478 τοσοῢτῳ
334 4406 395 4466 τοῖς
420 4396 684 4479 καταλειπομένοις
738 4388 849 4453 νεανίαι
884 4390 941 4458 τὰς
971 4386 1069 4472 ὄψεις,
1104 4390 1265 4471 τοοοίιτιρ

153 4508 192 4569 τὸ
215 4507 347 4573 πένθος
369 4506 498 4588 μεῖζον.
739 4498 880 4581 μᾶλλον
901 4491 1011 4581 ὀργῆς
1037 4494 1113 4566 ἄξιοί
1135 4492 1214 4559 εἰσιν.
