3034 5067
680 424 719 490 41

608 640 729 726 Lysiae
753 658 797 704 or.

618 728 789 796 iudiciales
880 688 1034 757 Isocratis
1052 687 1214 754 orationes

260 693 453 780 Epitaphius

143 841 197 919 §1
223 842 413 923 προνοεῖσθαι
652 835 750 919 vulgo
836 833 933 917 vulgo
952 837 1093 917 πρόνοον
1111 832 1260 894 ποιεῖσθαι

143 946 223 1025 §16
270 942 444 1030 (ἐπίπονον)
489 941 569 1028 αὑτῷ
674 946 737 1029 7,2
837 939 1259 1025 4,108.10,62καταστρ’-

188 1057 395 1138 κρταστήοας
416 1054 469 1116 τὸν
492 1050 556 1133 βίον
881 1050 1017 1112 οασθαι
1040 1041 1086 1108 αὖ.
1108 1064 1135 1108 τ.
1159 1044 1186 1125 β.

143 1158 232 1237 ξῖὃ,
257 1160 334 1239 §49
361 1154 505 1243 ἐμβαλεῖν
536 1154 569 1221 in
599 1160 710 1242 16,16.
725 1158 808 1240 34,8
835 1175 865 1224 ν.
889 1151 1048 1237 εἰσβαλεῖν
1063 1150 1259 1237 (tuditanus-

189 1260 329 1330 hostium
351 1269 469 1330 terram
880 1260 949 1340 lat)

144 1373 201 1451 §9
225 1368 367 1458 ἁμαρτεῖν
389 1392 468 1445 τινος
597 1372 626 1455 3,
642 1372 671 1437 8.
701 1370 750 1453 12,
765 1371 807 1435 98
836 1389 865 1434 v.
888 1370 1066 1454 διαμαρτεῖν
1091 1387 1115 1428 τ.
1145 1361 1258 1444 (Thuo.

879 1474 921 1550 II,
946 1474 1003 1556 78)

146 1586 228 1665 §27
267 1584 443 1650 ἀκολουθεῖν
481 1589 569 1670 μετά
687 1603 718 1663 ν.
835 1602 865 1647 ν.
888 1580 1130 1647 οονακολοοθεῖν
1152 1598 1206 1642 τινι

188 1712 266 1763 τινος

144 1798 223 1877 §32
246 1798 283 1859 τὰ
305 1802 569 1881 περιεστηκότα
652 1799 700 1882 13,
717 1798 759 1863 93
834 1816 864 1861 ν.
887 1799 924 1861 τὰ
945 1799 1103 1879 παρόντα
1125 1788 1207 1876 (πρ.)

189 1907 347 1989 πράγματα
881 1899 978 1988 (And
1001 1902 1031 1984 2,
1057 1900 1109 1976 10)

144 2009 228 2089 §45
265 2006 285 2096 ἡ
321 2020 373 2096 uo<
410 2011 569 2096 θαλάσσης
652 2012 701 2095 14,
716 2008 759 2075 43
835 2031 864 2075 ν.
888 2006 908 2096 ἡ
928 2007 977 2093 ἀρ.
1001 2004 1058 2092 (ἡ)
1079 2008 1179 2092 tout.
1204 2006 1261 2066 aut

179 2114 271 2203 -ἀρχή
287 2113 350 2202 (sie
365 2115 568 2196 eollooatum)
880 2114 900 2202 ἡ
935 2117 1017 2181 κατὰ
1052 2116 1106 2198 τ’ρν
1142 2115 1174 2176 θ.
1210 2108 1258 2193 ἀρ.

880 2220 976 2309 (And.
999 2222 1029 2306 3,
1053 2220 1109 2300 22)

144 2330 222 2411 §58
254 2326 288 2394 od
317 2332 422 2414 πολλῷ
452 2336 568 2416 χρόνῳ
688 2350 718 2395 v.
838 2332 888 2415 10,
907 2330 960 2395 26.
986 2330 1034 2412 12,
1055 2328 1095 2392 72
1120 2321 1154 2389 od
1176 2344 1207 2389 π.
1231 2319 1259 2390 i.

191 2433 313 2522 ὕστερον
880 2439 954 2520 (om
976 2431 1039 2521 χρ.)
1063 2429 1177 2519 (Thus.
1200 2427 1246 2516 v.)

144 2544 231 2623 §lii
255 2545 332 2624 §18
355 2540 570 2629 tudaeivouq)
688 2564 718 2609 v.
835 2564 865 2609 v.
887 2540 965 2608 κατ’
983 2540 1006 2605 ἐ.
1022 2565 1046 2605 τ.
1059 2562 1110 2626 χρ.
1124 2542 1181 2603 aut
1194 2540 1260 2622 περὶ

189 2655 291 2735 χρόνῳ
880 2647 937 2735 (ἐν)
961 2667 988 2714 ο.
1010 2647 1054 2733 pl.
1078 2664 1161 2711 num.

145 2758 238 2837 566.
263 2759 283 2837 ὅ
304 2758 345 2822 18
373 2760 424 2821 τὸν
451 2755 569 2823 ἅπαντα
646 2757 713 2824 fere
735 2778 763 2821 v.
834 2777 864 2822 v.
887 2755 1006 2821 ἅπαντα
1026 2757 1076 2819 τὸν
1097 2759 1206 2839 χρόνον

189 2869 301 2949 χρόνον

145 2972 228 3050 §26
261 2968 389 3056 μέλλων,
422 2972 504 3051 §39
527 2994 567 3057 ρ.
618 2978 786 3054 utmmque
836 2994 867 3057 ρ.
892 2968 995 3035 solum

190 3078 313 3141 desudet

145 3186 166 3264 ξ
184 3183 229 3249 40
259 3180 398 3249 ἁπάντων
426 3181 568 3269 ἀνθρώ·
649 3186 757 3270 24,11
835 3184 866 3267 4,
879 3185 932 3251 64.
955 3182 1051 3267 9,18.
1077 3178 1127 3264 15,
1144 3181 1205 3245 119
1229 3176 1258 3242 ἁ.

190 3310 262 3355 πων
285 3292 441 3373 διενεγκεῖν
880 3293 905 3356 δ.
929 3293 1003 3372 (om.
1027 3284 1071 3375 ἀ.)

213 3503 256 3568 At
278 3501 363 3569 euim
379 3502 563 3589 epitaphius
578 3522 688 3571 rursus
712 3505 810 3572 etiam
826 3502 986 3589 quaedam
1002 3502 1151 3587 eontinet,
1175 3520 1258 3585 quae

145 3610 301 3676 Isooratei
328 3608 457 3694 quidem
485 3612 641 3677 sermonis
668 3612 855 3677 memoriam
884 3610 1055 3695 suscitant,
1084 3609 1118 3674 in
1141 3608 1257 3676 oeteris

145 3735 222 3782 vero
253 3717 374 3802 Lysiae
406 3716 604 3783 orationibus
636 3736 699 3783 non
731 3718 941 3803 reperiuntur.
995 3717 1038 3782 At
1069 3716 1152 3783 haee
1184 3722 1258 3781 suut

146 3822 306 3907 quaedam
334 3822 427 3906 quasi
454 3822 636 3889 constantia
668 3830 701 3889 et
729 3824 908 3890 eommunia
937 3824 1105 3890 verbomm
1137 3822 1258 3888 lumina

145 3930 286 3996 universi
322 3928 495 3996 floridioris
533 3936 630 4014 atque
667 3930 911 3998 demonstrativi
949 3930 1076 4015 generis
1114 3929 1257 4014 dicendi,

146 4037 261 4120 quibus
289 4036 322 4102 iu
349 4036 469 4103 forensi
497 4038 652 4105 sermonis
680 4058 740 4105 usu
767 4040 858 4105 loous
886 4058 949 4104 non
977 4043 1056 4105 erat.
1107 4036 1201 4115 Quod
1231 4038 1258 4103 si

145 4144 251 4211 minus
287 4144 334 4209 ita
371 4149 438 4228 est,
483 4150 590 4212 tamen
631 4145 790 4213 eiusmodi
832 4145 991 4213 dictiones
1026 4145 1258 4228 verborumque

146 4250 314 4318 iuncturae
341 4249 423 4317 adeo
452 4270 516 4317 non
543 4271 584 4317 ex
605 4252 749 4320 Isocrate
772 4252 922 4319 videntur
944 4273 1017 4320 esse
1040 4251 1258 4337 depromptae,

146 4363 183 4423 ut
210 4357 251 4423 de
279 4356 437 4423 contrario
466 4358 653 4442 cogitemus.
698 4358 785 4437 Quid
808 4360 914 4427 euim?
948 4360 989 4446 si,
1020 4365 1056 4426 ut
1079 4357 1258 4444 exemplum

147 4463 294 4539 afferam,
328 4463 507 4531 sententiae
538 4467 559 4546 ξ
587 4467 608 4531 2
640 4470 673 4533 et
701 4465 745 4533 Is.
779 4470 809 4553 9,
832 4469 875 4533 62
906 4485 942 4533 re
973 4483 1051 4533 vera
1083 4464 1187 4532 altera
1217 4484 1259 4531 ex
