3034 5067
704 435 725 499 5

157 633 193 694 ut
216 627 295 693 nihil
323 628 388 694 iam
416 634 527 695 contra
554 629 619 695 dici
642 649 746 713 neque
770 628 927 715 epitaphii
954 628 1132 696 auctoritas
1159 650 1269 697 rursus

157 733 348 801 labefactari
374 756 472 820 posse
494 735 670 820 videretur,
700 742 809 801 tamen
837 736 906 802 eius
928 734 1108 802 adversarii
1135 736 1169 801 in
1197 737 1268 823 ipso

157 841 359 927 potissimum
400 862 518 926 genere
559 841 688 909 dicendi
728 842 839 927 procul
881 841 978 908 dubio
1020 848 1109 908 certa
1149 842 1270 909 indicia

158 949 288 1034 spuriae
324 948 418 1015 huius
456 949 610 1015 orationis
642 948 761 1016 indolis
797 970 833 1015 se
868 948 1030 1015 invenisse
1060 948 1269 1017 arbitrantur.

157 1054 250 1132 Quae
277 1074 470 1139 quamquam
497 1056 545 1121 ita
574 1062 659 1141 sunt,
692 1055 898 1121 nihilominus
924 1062 1050 1122 nosmet
1076 1056 1155 1141 illis,
1186 1076 1269 1140 quas

157 1182 256 1247 supra
271 1162 446 1247 attulimus,
470 1162 578 1229 causis
593 1162 741 1228 commoti
764 1163 827 1228 bac
848 1163 923 1248 ipsa
945 1163 1050 1229 altera
1067 1162 1269 1247 potissimum

156 1268 337 1353 inquirendi
367 1270 492 1335 ratione
523 1268 571 1354 id,
604 1269 690 1353 quod
722 1270 923 1355 propositum
955 1276 1013 1354 est,
1048 1257 1269 1337 demonstrare

143 1376 351 1455 conabimur.
392 1375 507 1461 Itaque
529 1397 613 1443 nunc
626 1376 764 1461 primum
787 1376 852 1443 illis
866 1376 1123 1443 adversariorum
1145 1384 1268 1444 nostro-

156 1502 225 1548 rum
248 1482 503 1549 dubitationibus
528 1503 739 1550 occurramus.

223 1589 304 1655 Sunt
327 1589 382 1674 qui
405 1590 571 1675 epitaphio
593 1596 722 1656 vertam
735 1590 814 1655 vitio
838 1596 937 1673 atque
959 1589 1102 1656 obiciant
1123 1590 1266 1676 inopiam

157 1696 338 1779 argumenti
373 1696 674 1780 affectationemque
712 1696 956 1781 sententiarum,
997 1697 1268 1782 perturbationem

157 1803 388 1888 dispositionis,
413 1804 694 1870 inconcinnitatem
708 1802 958 1889 compositionis,
981 1803 1185 1870 insolentiam
1198 1825 1267 1871 ver·

155 1911 267 1977 borum
296 1916 512 1996 tumoremque
541 1910 740 1978 elocutionis.
793 1909 960 1987 Quatenus
986 1910 1069 1975 haec
1095 1912 1268 1997 opprobria

155 2017 242 2085 iusta
265 2024 346 2103 sunt,
370 2025 504 2085 eatenus
528 2020 625 2085 etiam
646 2019 704 2084 illa
727 2016 884 2103 epitaphii
897 2004 978 2083 vitia
990 2004 1126 2103 prorsus¹
1136 2020 1267 2103 probari

156 2131 253 2207 atque
274 2125 420 2191 excusari
439 2132 582 2211 possunt.
627 2126 711 2193 Nam
729 2125 758 2191 si
771 2124 927 2209 volumus,
944 2124 1065 2209 Lysiae
1084 2125 1267 2211 epitaphius

156 2230 277 2315 pariter
299 2238 397 2315 atque
416 2232 562 2301 eiusdem
584 2232 722 2298 erotious
745 2252 781 2297 re
793 2251 871 2297 vera
884 2230 1095 2317 sophisticum
1113 2231 1267 2317 quiddam

156 2344 253 2421 atque
276 2338 483 2405 artificiosum
508 2339 623 2425 spirat,
652 2346 684 2407 et
707 2345 827 2423 quanto
854 2338 913 2404 illa
939 2339 1099 2404 amatoria
1126 2340 1266 2406 oratiun-

157 2444 229 2510 cula
253 2444 354 2511 distat
376 2446 418 2510 ab
441 2446 512 2525 illo,
542 2446 593 2512 cui
617 2444 768 2531 opposita
790 2451 853 2531 est,
882 2445 1009 2512 sublimi
1036 2451 1134 2529 atque
1157 2446 1265 2512 divim

154 2550 283 2635 ingenio
306 2552 464 2637 Platonis,
493 2558 582 2619 tanto
610 2552 692 2619 haec
719 2559 832 2619 nostra
854 2552 996 2618 funebris
1023 2551 1174 2619 abhorret
1196 2552 1266 2619 fere

155 2677 176 2721 a
212 2657 383 2741 maiestate
426 2667 458 2725 et
502 2660 663 2742 gravitate
705 2659 936 2727 sententiarum
979 2658 1136 2745 epitaphii
1178 2659 1266 2745 apud

154 2764 376 2849 Thucydidem
390 2766 536 2833 Periclei.
571 2768 716 2852 Apparet
731 2767 859 2851 oratori,
882 2765 1029 2849 quamvis
1044 2766 1186 2831 calcaria
1209 2766 1265 2832 ad·

153 2878 304 2958 moveret,
339 2894 403 2939 non
439 2874 562 2941 licitum
599 2873 700 2941 fuisse
733 2874 832 2940 altius
863 2892 1036 2957 assurgere
1072 2879 1105 2939 et
1136 2873 1265 2941 evolare

154 2980 385 3066 terminosque,
416 2980 471 3064 qui
503 2981 533 3046 ei
564 3001 585 3046 a
616 2986 731 3046 natura
762 2980 861 3065 positi
893 2985 997 3065 erant,
1028 2977 1265 3049 transcendere.

153 3086 259 3170 Atque
295 3107 357 3171 quo
393 3088 499 3171 magis
536 3087 598 3153 hae
632 3086 754 3172 Lysiae
791 3086 953 3153 orationes
990 3085 1187 3152 sublimitate
1223 3107 1264 3152 ac

153 3193 354 3278 praestantia
386 3194 565 3277 argumenti
595 3213 764 3279 rerumque
795 3199 919 3279 carent,
956 3212 994 3259 eo
1026 3193 1131 3276 magis
1163 3199 1265 3259 artem

154 3299 315 3384 quandam
348 3302 658 3385 ostentationemque
694 3307 728 3368 ln
765 3300 957 3387 explicando
993 3306 1091 3383 atque
1127 3299 1264 3368 dicendo

154 3406 315 3474 affectant.
361 3408 479 3473 Verum
502 3427 573 3474 cum
597 3413 705 3475 orator
730 3408 764 3475 in
787 3408 907 3474 erotico
934 3414 971 3473 ut
996 3406 1030 3472 in
1051 3408 1186 3474 materie
1209 3409 1264 3474 ab·

155 3513 308 3581 strusiore
337 3514 493 3582 sermonis
517 3514 723 3601 simplicitate
752 3535 793 3581 ac
818 3515 975 3581 tenuitate
1003 3520 1133 3581 servata
1158 3514 1264 3598 magis

156 3626 416 3705 argumentorum
450 3621 604 3687 minutam
637 3622 848 3689 subtilitatem
884 3626 1025 3687 ostentet
1055 3621 1268 3706 argutiasque-

155 3733 302 3813 sectetur,
325 3727 412 3794 idem
434 3728 467 3793 in
482 3728 646 3814 epitaphio
669 3736 704 3795 ut
727 3728 760 3793 in
778 3734 966 3812 argumento
982 3726 1155 3812 grandiore
1177 3727 1264 3793 haud

154 3834 200 3900 ita
223 3834 392 3901 sententiis
416 3834 521 3902 elatus
534 3836 639 3919 magis
662 3836 804 3921 ipsorum
817 3836 985 3901 verborum
1007 3834 1165 3901 iaetantia
1187 3835 1263 3900 arti·

153 3940 299 4025 ficiisque
313 3948 570 4007 ornamentorum
584 3943 708 4009 animos
723 3942 922 4008 audientium
936 3947 1056 4027 captat.
1095 3940 1262 4018 Quomodo

154 4047 214 4113 hoc
246 4048 394 4114 convenit
430 4068 500 4115 cum
532 4048 590 4115 illa
621 4048 741 4134 Lysiae
774 4048 912 4134 simplici
947 4052 1045 4132 atque
1076 4048 1263 4114 inaffectata

155 4154 283 4222 dicendi
305 4156 338 4221 vi
360 4156 394 4220 in
416 4176 535 4239 genere
554 4155 719 4222 iudiciali?
764 4156 828 4221 Hic
851 4155 946 4222 nobis
968 4155 1088 4221 auxilio
1111 4161 1162 4222 est
1181 4154 1263 4221 illud

154 4260 195 4327 de
209 4260 310 4346 Lysia
332 4261 548 4328 testimonium
562 4263 719 4350 Dionysii,
727 4263 749 4346 ¹)
775 4261 861 4348 quod
882 4283 946 4329 non
960 4281 1132 4349 possumus
1154 4261 1262 4329 facere

226 4475 248 4540 4)
267 4475 307 4533 oe
324 4475 385 4545 nys.
405 4475 448 4533 aa.
