3034 5067
650 473 690 537 19

109 690 160 752 πρ.
183 669 221 750 β,
248 668 297 752 12,
321 668 364 733 85
387 665 417 753 ἡ.
446 670 473 751 β.
519 666 581 733 Illa
608 674 716 733 autem
742 665 861 732 iniuria
888 662 1016 732 affectis
1043 664 1225 751 opitulandi

109 774 195 839 ratio
233 774 437 841 confirmatur
471 775 591 842 ibidem
623 778 679 861 34,
713 778 755 842 10
786 780 820 840 τὸ
857 776 971 841 δίκαιον
1002 778 1078 861 μετὰ
1106 787 1166 840 τῶν
1196 775 1225 839 ἀ.

111 883 247 961 ἔσεσθαι,
271 882 305 947 in
328 902 392 966 qua
415 902 451 948 re
473 883 581 967 posita
609 888 659 949 est
682 881 781 947 dictio
809 881 1044 964 translatioque
1071 884 1092 962 ξ
1126 883 1168 948 10
1191 886 1227 946 τὸ

110 990 225 1056 δίκαιον
247 988 366 1075 ἔχοντες
389 993 556 1077 σόμμαχον.
603 990 654 1055 De
676 988 841 1072 aequabili
866 988 920 1054 rel
947 987 1146 1071 inaequabili
1171 988 1227 1054 bo·

109 1113 224 1160 norum
246 1095 452 1162 fruendorum
475 1102 508 1163 et
529 1097 685 1162 malorum
699 1095 902 1163 serendorum
924 1096 1008 1163 inter
1029 1116 1066 1163 se
1080 1116 1227 1182 oompen-

111 1200 239 1268 satione
272 1201 357 1269 duae
390 1202 569 1269 sententiae
601 1204 685 1270 binis
722 1204 830 1271 verbis
868 1203 930 1269 sibi
959 1203 1227 1288 respondentibus

113 1309 209 1391 quasi
232 1309 265 1374 in
288 1330 384 1375 unam
399 1310 588 1377 ooniunotae
603 1318 691 1377 sunt:
715 1315 735 1391 ἓ
761 1314 803 1377 ’16
825 1322 882 1398 τῆς
905 1316 958 1398 μὲν
981 1314 1093 1376 τουτων
1116 1310 1229 1398 ἀρετῆς

108 1419 146 1479 τὸ
174 1415 241 1483 ἴσον
271 1428 335 1490 τοῖς
365 1417 472 1491 ἄλλοις
502 1416 727 1502 ἀπέλαυσαν,
759 1416 977 1484 ἀποθανόντων
1000 1420 1032 1483 δὲ
1062 1423 1149 1505 μόνοι
1170 1430 1229 1505 τῆς

111 1524 276 1610 δυστυχίας
318 1530 548 1612 μετέχουσιν,
591 1528 611 1606 ξ
642 1527 687 1591 43
727 1522 901 1612 εάτυχίαν
937 1522 1125 1612 ὁμονοοῦσαν
1162 1536 1226 1597 τοῖς

109 1632 286 1705 κινδόνοις
308 1632 486 1719 ἐκτήσαντο,
512 1634 562 1716 18,
588 1634 629 1698 19
652 1636 715 1699 νυνὶ
737 1641 799 1698 τῶν
827 1644 883 1719 τῆς
905 1634 1023 1704 πόλεως
1047 1629 1227 1719 εάτυχιῶν
1316 1688 1320 1693 ,

110 1736 375 1814 ἀπολαὺοντες,
416 1738 484 1804 ἀλλ’
517 1736 551 1804 od
587 1745 733 1824 πρότερον
770 1747 832 1804 τῶν
869 1736 1019 1825 ὑμετέρων
1055 1740 1228 1804 κινδόνυν

111 1850 345 1931 μετέχοντες.
391 1844 440 1910 Ex
461 1845 524 1910 hae
547 1852 655 1911 autern
683 1846 810 1910 ratione
832 1844 974 1910 exoritur
997 1843 1137 1910 offioium
1160 1864 1227 1930 eos,

111 1951 167 2033 qui
189 1951 232 2018 de
254 1952 374 2037 populo
397 1952 508 2036 aliqua
535 1972 570 2017 re
597 1952 680 2018 bene
707 1952 811 2017 meriti
840 1951 918 2030 sint,
941 1951 1056 2017 merito
1083 1952 1227 2036 praemio

109 2058 355 2145 remunerandi,
390 2058 581 2144 praesertim
618 2059 645 2125 si
684 2064 757 2124 sunt
793 2058 956 2143 peregrini
986 2058 1040 2124 vel
1070 2058 1227 2144 inquilini,

111 2165 233 2251 quippe
255 2186 389 2250 quornm
406 2167 440 2231 in
457 2185 589 2232 numero
603 2166 721 2251 Lysias
736 2164 833 2231 fuerit
854 2166 941 2250 ipse:
965 2168 985 2246 ξ
1001 2168 1044 2231 66
1059 2179 1103 2251 τῷ
1116 2169 1228 2254 πλήθει

112 2270 368 2361 βοηθήσαιίτες
381 2275 442 2358 (so.
455 2273 545 2357 ξένοι)
560 2273 660 2339 ἀνθ’
672 2272 715 2339 ὧν
737 2271 758 2360 ἡ
774 2276 877 2346 πόλις
890 2274 1001 2338 ἔδωκεν
1014 2274 1096 2359 ἐχειν
1109 2270 1228 2346 αυτοῖς-

110 2382 168 2451 τὰς
190 2376 286 2452 αὐτὰς
308 2384 415 2467 τιμὰς
437 2392 500 2453 τοῖς
522 2380 634 2459 ἀστοῖς,
659 2381 711 2464 31,
735 2382 779 2445 29
801 2381 872 2451 τοὺς
893 2380 1051 2466 μετοίκοις
1073 2385 1141 2465 μέν,
1164 2378 1229 2443 ἀτι-

111 2485 323 2573 ἐβοήθησαν
346 2500 388 2571 τῷ
411 2490 508 2575 δήμῳ,
530 2487 730 2574 ἐτιμήσατε
752 2486 843 2559 ἀξίως
865 2498 921 2572 τῆς
943 2488 1069 2558 πόλεως.
1115 2487 1158 2551 At
1180 2484 1228 2550 di·

6 2600 12 2631 *
111 2591 207 2657 eendi
230 2592 360 2676 quidem
382 2594 507 2660 ratione
530 2593 593 2659 huo
615 2593 713 2661 etiam
731 2593 865 2678 propius
888 2592 1047 2659 aooednnt
1068 2612 1118 2677 ea,
1141 2612 1226 2676 quae

111 2696 154 2763 de
176 2697 317 2765 faotione
339 2701 464 2766 urbana
487 2699 575 2765 diota
598 2707 672 2767 sunt
694 2702 747 2779 26,
772 2703 816 2767 20
838 2699 921 2766 ἀντὶ
943 2704 1058 2766 τουτων
1081 2697 1226 2773 αότουςὸ

111 2806 208 2891 δῆμος
221 2806 276 2888 (ib.
289 2808 328 2872 17
344 2805 488 2893 ἡπόλις)
501 2819 569 2879 ταῖς
582 2808 735 2894 μεγίστας
749 2818 874 2894 τιμαῖς
886 2808 1056 2894 τετίμηκεν,
1071 2806 1110 2872 of.
1121 2808 1173 2892 24,
1182 2809 1225 2874 22

110 2914 291 2997 μεταλαβεῖν
323 2915 441 2979 ἔδωκεν.
486 2913 614 2979 Pariter
646 2912 744 2978 iidem
775 2913 824 2978 illi
855 2913 1030 2999 populares
1064 2916 1151 2993 §66
1182 2913 1226 2979 ab

110 3018 258 3084 omnibus
280 3018 461 3086 hominihus
482 3020 571 3086 beati
599 3019 782 3105 praedicari
809 3026 981 3085 narrantur
1011 3022 1060 3084 διὰ
1091 3022 1160 3093 τοὺς
1192 3020 1225 3086 ἐν

108 3125 245 3212 Πειραιεῖ
278 3130 437 3201 κινδόνους.
492 3128 610 3192 Verum
641 3130 697 3213 25,
734 3129 777 3193 33
815 3126 958 3212 quidam,
994 3145 1225 3210 quemeumque

108 3233 220 3317 velint,
229 3233 392 3301 licentiam
407 3234 470 3301 sibi
484 3254 649 3302 assumere
664 3234 811 3300 dicuntur
820 3237 869 3300 διὰ
881 3237 949 3308 τοὺς
962 3242 1022 3299 τῶν
1034 3233 1070 3299 ἐκ
1079 3233 1226 3319 Πειρωως

108 3342 270 3414 κινδυνους.
308 3340 444 3407 Omnino
462 3341 564 3407 virtus
588 3352 714 3407 oratore
728 3341 836 3409 iudiee
849 3342 932 3407 tanti
947 3341 1151 3408 aestimanda
1164 3348 1224 3426 est,

109 3456 145 3514 ut
169 3448 239 3514 eius
262 3448 368 3533 gratia
390 3455 457 3513 tam
480 3449 575 3514 amisi
598 3448 719 3515 honore
742 3452 763 3530 ξ
781 3450 831 3534 15,
858 3470 955 3533 qnam
976 3449 1096 3515 inimioi
1118 3469 1226 3534 poena

109 3554 296 3621 affioiantur
320 3559 371 3640 12,
395 3558 447 3640 36,
470 3558 523 3622 60.
567 3555 711 3622 Alterum
733 3555 880 3623 iustitiae
907 3556 1001 3639 quasi
1027 3576 1142 3621 munus
1168 3574 1224 3641 pe

109 3663 208 3729 sitnm
231 3682 304 3729 esse
326 3661 433 3727 dioam
455 3662 489 3726 in
511 3662 567 3728 illo
591 3662 698 3747 eapite
712 3662 908 3727 Graeoorum
921 3660 1147 3747 philosophiae
1158 3682 1224 3728 mo

66 3782 68 3785 ·
108 3770 198 3854 ralis,
220 3775 256 3834 ut
280 3789 371 3835 suum
395 3769 509 3852 ouique
533 3769 698 3835 tribuatur.
744 3768 837 3846 Quae
865 3767 1001 3853 simplex
1024 3768 1112 3833 notio
1135 3768 1223 3854 apud

108 3876 244 3961 Lysiam
267 3876 453 3961 plerumque
476 3876 510 3940 in
533 3876 668 3941 formam
690 3875 841 3941 antitheti
869 3874 1027 3959 redigitur
1052 3881 1150 3958 atque
1176 3876 1224 3940 ita

109 3983 251 4068 effertur,
273 3989 309 4048 ut
331 3983 493 4049 contraria
514 3982 568 4049 vel
594 3988 705 4048 mutua
733 3981 895 4066 quaedam
920 3981 1004 4048 ratio
1031 3981 1115 4047 inter
1146 4001 1224 4049 suas

112 4090 269 4173 cuiusque
301 4096 333 4155 et
364 4089 500 4155 aliorum
522 4110 575 4156 res
607 4088 804 4157 intercedat:
837 4092 903 4169 §6
933 4101 996 4175 τῆς
1031 4088 1224 4174 ἀλλοτρίας

109 4199 223 4270 ἀδίκως
245 4196 520 4288 ἐπιθυμήσασαι
541 4202 595 4285 τὴν
616 4194 709 4264 αάτῶν
728 4199 849 4270 δικαίως
863 4195 1030 4273 ἀπώλεσαν,
1053 4197 1142 4274 33,6
1161 4208 1225 4283 τῆς

110 4306 310 4390 ἀλλοτρίας
332 4305 600 4392 ἐπιθυμοῦντας
622 4317 675 4392 τῆς
697 4310 840 4393 σφετέρας
862 4304 1051 4391 ἐστερῆσθαι,
1064 4323 1129 4367 una
1151 4322 1223 4367 oum

11 4426 14 4457 ι
109 4412 226 4496 quibus
257 4410 366 4477 verbis
397 4410 478 4477 illud
515 4410 671 4496 epitaphii
712 4410 826 4475 mirum
861 4409 895 4475 in
930 4409 1059 4475 modum
1094 4409 1224 4496 supplet

109 4518 225 4587 similis
248 4518 377 4603 generis
392 4517 551 4585 sententia
573 4518 610 4584 fr.
636 4522 686 4598 16,
702 4520 723 4585 2
739 4515 943 4603 oppositione
967 4516 1222 4590 ἀδίκωςόικαίως.

1029 4624 1061 4679 2*
