3034 5067
677 439 720 503 43

145 632 302 716 originem
317 632 422 717 ipsam
437 631 646 718 probandam,
670 633 741 717 quis
757 639 808 699 est
830 634 885 717 qui
907 654 971 699 non
985 633 1169 717 intelligat?
1204 636 1255 700 An

143 738 244 804 verba
267 738 324 803 illa
352 740 394 807 ls.
419 742 448 824 4,
465 742 506 805 74
529 737 556 804 oi
580 744 711 826 μάλιστα
734 744 912 826 cornetan
935 752 992 806 τῶν
1014 743 1143 807 πολιτῶν
1166 740 1255 807 εἰπεῖν

144 844 193 911 ἐπὶ
215 857 279 920 τοῖς
301 847 430 933 δημοσίᾳ
452 851 652 933 θαπτομένοις
674 850 821 921 πολλάκις
842 848 1011 933 εἰρήκασιν,
1035 848 1193 931 siquidem
1215 848 1256 915 iis

144 952 247 1018 nostri
271 972 397 1043 quoque
410 953 462 1021 vel
486 954 591 1038 etiam,
615 954 700 1037 quod
720 953 849 1038 quidem
872 954 995 1021 1111111
1018 955 1089 1020 loco
1108 962 1257 1041 respectu

145 1059 246 1125 totius
261 1058 346 1127 illius
361 1060 395 1125 in
407 1060 604 1146 panegyrico
620 1060 809 1127 imitationis
828 1060 916 1126 haud
934 1060 1031 1127 dubie
1045 1062 1257 1146 consequitur,

145 1165 302 1249 imprimis
320 1166 421 1231 nostri
436 1167 592 1252 epitaphii
606 1175 719 1234 auctor
731 1167 960 1251 intelligendus
984 1174 1042 1253 est,
1065 1167 1108 1233 ad
1122 1169 1258 1254 primum

147 1291 306 1356 quemque
332 1271 526 1339 mediocrem
553 1273 712 1340 rhetorem
739 1274 852 1341 referri
879 1275 1036 1361 possunt?
1081 1275 1155 1340 Jam
1181 1294 1258 1341 vcro

149 1378 177 1444 si
201 1399 264 1461 qua
278 1379 523 1464 quahaeumque
546 1380 667 1447 indicia
689 1388 823 1466 apertae
846 1402 887 1446 ex
910 1382 984 1447 aliis
999 1402 1126 1465 quoque
1138 1381 1259 1466 Lysiae

149 1485 346 1553 orationibus
382 1486 591 1555 mutuationis
627 1487 714 1573 apud
752 1488 927 1555 Isocratem
964 1488 1092 1555 ostendi
1123 1489 1259 1575 possint,

148 1591 238 1657 nulla
260 1593 325 1658 iam
349 1593 390 1659 de
412 1593 474 1660 hae
496 1615 531 1661 re
554 1602 655 1663 restet
677 1595 846 1664 dubitatio.
884 1597 927 1662 Et
947 1597 1091 1682 profecto
1114 1597 1156 1662 Is.
1173 1597 1201 1681 6,
1216 1598 1259 1663 83

149 1705 183 1765 11
209 1702 238 1784 8,
257 1702 306 1775 43Ι
328 1721 428 1786 prope
456 1701 614 1767 accedunt
640 1701 682 1767 ad
710 1703 787 1787 Lys.
813 1705 866 1788 34,
893 1706 944 1788 11,
972 1702 1171 1770 transitionis
1198 1702 1261 1768 for-

149 1806 237 1871 mula
254 1808 295 1873 Is.
314 1810 399 1891 19,4
423 1809 569 1891 congruit
592 1830 663 1874 cum
676 1810 752 1893 Lys.
770 1813 819 1895 13,
833 1814 863 1895 4,
886 1809 1056 1877 translatio
1078 1809 1261 1893 locutioque

149 1914 191 1979 Is.
217 1916 266 1997 19,
280 1915 323 1981 32
345 1914 449 1999 petita
473 1921 523 1982 111
545 1936 585 1981 111
607 1916 683 2001 Lys.
707 1916 743 1981 fr.
768 1918 819 1983 84.
866 1917 932 1983 Sed
955 1917 984 1982 si
1007 1937 1100 2001 nuno,
1122 1923 1157 1981 ut
1179 1917 1262 1982 haee

150 2019 308 2106 omittam,
340 2020 382 2086 ad
410 2028 518 2088 cetera
544 2022 615 2107 illa,
649 2043 669 2088 a
697 2023 814 2106 quihus
841 2023 1034 2109 principium
1062 2022 1261 2108 quaestionis

151 2125 303 2212 cepimus,
326 2135 516 2211 argumenta
535 2128 613 2195 foris
629 2135 796 2215 assumpta
809 2130 1004 2214 revertimur,
1027 2130 1111 2195 hanc
1133 2131 1263 2197 brevem

152 2233 431 2301 ratiocinationem
454 2243 638 2303 construere
667 2243 764 2319 atque
792 2238 839 2301 ita
862 2237 957 2320 quasi
980 2258 1021 2303 111
1043 2237 1193 2303 interiore
1215 2236 1263 2302 rei

152 2344 245 2425 parte
268 2340 420 2408 circulum
434 2342 594 2427 quendam
608 2343 855 2427 argumentandi
869 2343 1060 2410 concludere
1082 2363 1262 2430 possumus.

152 2447 188 2513 Si
202 2448 286 2514 enim
309 2456 401 2517 aetas
416 2450 530 2517 saltem
545 2451 702 2537 epitaphii
716 2472 774 2537 pro
798 2458 885 2519 certo
909 2459 983 2537 stat,
1005 2452 1064 2517 illa
1078 2451 1262 2519 coniectura

152 2574 268 2639 eorum,
293 2557 355 2642 qui,
380 2557 553 2624 1111111111
568 2578 640 2624 eum
656 2567 840 2644 suspectum
859 2558 1031 2625 redderent
1053 2565 1153 2641 atque
1175 2558 1263 2623 labe-

151 2661 318 2749 factarent,
342 2671 535 2749 putaverunt
553 2664 647 2733 ludos
670 2665 829 2751 funebres,
853 2672 965 2751 utpote
979 2686 1111 2749 quorum
1135 2666 1170 2731 in
1193 2664 1262 2732 eius

150 2768 349 2836 laudationis
378 2772 581 2858 peroratione
608 2772 667 2838 fiat
693 2774 840 2858 mentio,.
853 2773 932 2839 belli
962 2772 1158 2839 Corinthiaci
1185 2778 1263 2837 tem·

151 2874 283 2960 poribus
310 2877 450 2943 noudum
478 2880 658 2945 celebratos
688 2878 801 2964 fuisse,
834 2878 975 2945 concidit
1003 2878 1161 2962 simulque
1192 2898 1263 2944 oum

153 3002 193 3047 ea
216 2992 445 3071 argumentum,
468 2985 736 3070 quodMenexeni
759 3006 886 3069 quoque
908 2986 1055 3051 Platonis
1078 2984 1264 3051 auctoritati

153 3094 209 3153 ant
237 3097 322 3156 11111
350 3093 451 3158 111111
478 3092 649 3159 videbatur
672 3094 816 3178 obstare,
843 3112 976 3178 prorsus
1005 3091 1183 3158 collabitur.
1229 3091 1265 3157 si

153 3200 262 3261 autem
298 3197 377 3263 nihil
409 3205 471 3284 est,
509 3220 564 3266 cur
600 3199 641 3265 de
672 3199 767 3266 huius
799 3219 926 3283 quoque
964 3199 1072 3284 operis
1103 3203 1264 3264 vetustate

154 3304 283 3387 quidem
306 3325 459 3389 germana
473 3306 663 3393 dubitemus,
686 3306 744 3372 illa
766 3306 899 3373 interior
921 3305 1013 3391 ratio,
1037 3326 1120 3388 quae
1144 3304 1174 3371 ei
1194 3324 1265 3370 cum

155 3410 320 3495 epitaphio
356 3414 477 3498 Lysiae
513 3434 587 3481 esse
622 3420 772 3500 putatur,
818 3433 970 3497 magnam
1005 3411 1265 3497 probabilitatem

155 3519 352 3605 assequitur,
385 3540 508 3604 eaeque
545 3522 707 3588 orationes
745 3521 807 3587 sibi
843 3520 980 3586 invicem
1016 3518 1153 3585 traditos
1190 3538 1266 3584 suos

155 3630 303 3691 auctores
327 3625 461 3693 firloiunt
484 3635 581 3711 atque
595 3634 730 3696 tuentur.
767 3627 829 3705 oui
853 3627 937 3693 enim
960 3626 1090 3693 tandem
1113 3625 1149 3689 id
1171 3625 1266 3690 aliter

156 3750 192 3795 se
228 3730 347 3799 habere
383 3735 517 3821 potest?
573 3735 700 3801 Etenim
735 3735 788 3800 vel
824 3734 881 3799 illo
919 3732 1064 3800 eiusdem
1101 3731 1266 3816 scriptoris

155 3835 297 3902 Phaedri
311 3842 456 3927 exemplo
472 3841 515 3907 ad
528 3841 612 3907 hanc
626 3842 842 3908 coniecturam
856 3841 1100 3925 opinionemque
1115 3838 1267 3904 ducimur.

157 3941 223 4009 Sed
245 3946 339 4012 Plato
367 3947 576 4034 philosophus
605 3969 675 4014 cum
702 3949 735 4012 in
761 3948 818 4014 illo
847 3947 981 4032 dialogo
1004 3946 1137 4030 Lysiam
1163 3945 1268 4029 magis

156 4056 191 4114 ut
215 4051 393 4138 sophistam
421 4056 482 4120 sibi
509 4056 599 4122 visus
627 4062 715 4122 esset
742 4054 864 4120 directo
893 4060 1003 4139 petere
1032 4060 1064 4118 11
1091 4052 1208 4118 debere
1237 4057 1269 4117 11

157 4178 268 4244 posse,
292 4166 326 4225 ut
349 4168 508 4228 oratorem
530 4163 564 4227 in
586 4164 763 4229 Menexeno
788 4180 923 4245 eumque
946 4180 1026 4227 suae
1048 4159 1166 4226 aetatis
1190 4178 1268 4224 sane

158 4266 409 4354 celeberrimum,
440 4276 476 4335 ut
497 4269 575 4334 mihi
598 4269 725 4354 quidem
749 4268 889 4352 videtur,
913 4273 1025 4353 aperte
1049 4273 1082 4332 et
1103 4266 1212 4351 palam
1235 4264 1269 4329 in

157 4371 310 4440 iudicium
338 4396 455 4441 vocare
481 4397 545 4441 non
569 4396 667 4442 ausus
692 4381 754 4459 111,
783 4373 843 4441 sed
870 4380 955 4441 tecte
983 4380 1080 4456 atque
1106 4379 1270 4455 tamquam

157 4479 192 4545 in
220 4500 350 4548 recessu
378 4483 484 4551 irrisit.
530 4482 594 4551 Sed
621 4488 792 4568 utcumque
823 4481 857 4548 id
885 4487 947 4569 111,
980 4480 1062 4547 forte
1090 4479 1204 4570 evenit,
1234 4485 1270 4549 ut
