3034 5067
797 423 841 487 44

261 618 314 683 hio
336 617 482 685 Platonis
509 616 660 702 dialogus
687 617 720 684 in
742 617 928 685 Aristotelis
950 617 1124 685 Rhetorica
1150 625 1279 703 praeter
1306 619 1331 702 I,
1354 621 1375 684 9

262 725 358 793 simili
387 725 564 809 eademque
591 725 716 792 ratione
749 731 847 810 atque
878 732 990 792 nostra
1023 724 1167 791 funebris
1198 725 1231 790 in
1263 723 1377 791 eodem

261 832 317 898 illo
348 832 430 898 libro
457 832 513 918 111,
545 835 586 898 14
619 831 824 899 confirmatus
857 832 908 917 sit,
940 852 1013 898 cum
1044 838 1178 915 uterque
1208 830 1300 898 locus
1332 830 1375 896 ad

261 939 384 1005 Menex.
431 937 522 1005 235d
546 936 730 1024 (ve1236a)
754 945 889 1025 spectet
934 938 970 1004 Si
993 938 1099 1023 igitur,
1122 945 1158 1004 ut
1180 939 1270 1024 prius
1294 937 1375 1003 illud

261 1045 488 1130 testimonium,
512 1045 588 1129 quia
607 1046 705 1111 etiam
727 1046 834 1131 ipsum
857 1045 1053 1112 anonnullis
1076 1046 1110 1111 in
1124 1046 1375 1112 controversiam

261 1158 405 1239 vocatur,
433 1159 648 1238 praeteream,
676 1173 742 1219 una
769 1173 842 1218 cum
863 1152 984 1238 Lysiae
1013 1151 1179 1238 epitaphio
1206 1151 1376 1218 Menexeni

263 1279 389 1344 quoque
411 1259 476 1345 vel,
505 1279 601 1343 qnam
625 1259 687 1326 sihi
709 1257 866 1345 vindicat,
894 1265 988 1326 aetas
1017 1259 1089 1326 sola
1111 1257 1257 1326 stabilita
1279 1265 1376 1342 atquc

260 1366 383 1432 mnnita
408 1371 467 1449 est,
490 1365 551 1431 hac
573 1386 608 1433 re
623 1367 721 1433 etiam
743 1365 800 1431 ille
813 1365 998 1433 Aristotelis
1012 1366 1205 1432 Rhetoricae
1224 1365 1306 1431 liber
1319 1365 1375 1450 ΠΙ,

261 1494 355 1557 quem
370 1472 499 1556 quidem
512 1473 620 1539 multis
636 1480 821 1559 suspectum
844 1493 918 1541 esse
937 1472 1199 1560 supradiximus,
1221 1472 1377 1557 quiddam

261 1579 337 1645 fidei
360 1579 627 1664 auctoritatisque
649 1580 845 1648 nanciscitur
867 1586 967 1665 atquc
989 1579 1036 1645 ita
1059 1579 1127 1647 suis
1149 1598 1260 1646 rursus
1283 1579 1373 1644 testi·

260 1686 376 1753 moniis
390 1687 556 1770 utriusque
569 1686 683 1753 harum
696 1688 876 1753 orationum
890 1686 1115 1753 auctoritatem
1125 1704 1376 1769 germanamque

262 1793 418 1877 originem
442 1814 480 1859 eo
503 1792 613 1877 magis·
632 1800 728 1877 atque
751 1793 865 1859 mirum
886 1794 921 1858 in
943 1791 1073 1859 modum
1095 1792 1271 1859 confirmat.

329 1898 393 1967 Sed
416 1900 535 1985 nescio,
559 1900 636 1984 quid
658 1900 788 1985 longius
810 1921 832 1965 a
853 1900 1020 1986 proposito
1044 1898 1210 1983 digrediar
1232 1898 1377 1983 alibique

261 2013 451 2092 argumenta
475 2027 635 2090 quaeram
681 2008 809 2073 Etenim
835 2015 925 2074 recta
951 2006 1006 2073 via
1035 2013 1068 2073 et
1095 2006 1204 2073 causis
1232 2006 1378 2089 locisque

260 2116 294 2181 in
325 2134 360 2179 re
393 2114 467 2199 ipsa
494 2111 701 2181 haerentibus
733 2121 831 2198 atque
864 2114 984 2182 innatis
1016 2115 1188 2198 genuinam
1219 2113 1379 2199 epitaphii

260 2220 402 2287 indolem
425 2221 505 2287 satis
522 2220 820 2288 demonstravimus.
867 2222 945 2287 (lum
960 2240 1037 2287 vero
1052 2227 1160 2287 tamen
1176 2221 1376 2287 extrinsecus

226 2390 229 2397 .
261 2346 387 2410 quoque
427 2327 569 2395 rationes
610 2328 825 2413 accesserint,
865 2328 976 2395 nescio
1017 2348 1114 2411 quam
1155 2333 1242 2393 certo
1282 2326 1377 2393 nobis

260 2432 406 2499 videmur
429 2433 589 2520 effecisse,
617 2441 653 2500 ut
675 2434 757 2500 haec
780 2434 884 2501 oratio
907 2434 1027 2501 oratori
1049 2434 1170 2520 Lysiae
1193 2454 1257 2500 non
1279 2432 1376 2498 modo

260 2560 341 2624 non,
365 2560 437 2607 cum
457 2547 600 2607 veterum
622 2540 814 2607 testimoniis
837 2541 1052 2625 confirmetur,
1075 2538 1293 2607 abiudicanda
1316 2539 1369 2623 sit,
1496 2526 1503 2577 ³

265 2666 376 2713 verum
390 2646 496 2731 etiam,
521 2647 550 2713 si
564 2668 628 2712 non
642 2646 890 2733 confirmaretur,
913 2646 1110 2714 vindicanda
1134 2667 1207 2715 esse
1220 2646 1381 2713 videatur.

263 2752 359 2831 Quod
391 2753 419 2819 si
451 2773 487 2819 rc
518 2773 596 2818 vera
628 2754 720 2819 nobis
753 2754 903 2839 contigit,
936 2775 1000 2820 non
1028 2754 1130 2821 solum
1158 2753 1381 2838 quaestionem

264 2860 397 2926 multum
415 2859 534 2944 diuque
554 2858 769 2946 disceptatum
787 2861 985 2947 persolvisse
1008 2861 1089 2928 satis
1111 2861 1179 2947 erit,
1203 2860 1381 2927 sedetiam

261 2967 385 3039 iuvabit
411 2966 499 3034 illius
527 2967 643 3034 mentis
671 2988 710 3033 ac
741 2969 915 3036 memoriae
943 2968 1103 3035 humanae
1124 2968 1260 3034 rationis
1283 2967 1380 3051 quasi

264 3074 428 3159 specimen
451 3072 615 3158 quoddam
639 3073 779 3141 dedisse.
