3034 5067
657 446 741 509 11>

122 661 161 706 ex
184 639 344 726 prioribus
367 639 565 725 temporibus
587 637 751 705 residuum
773 658 906 725 prorsus
922 658 1076 723 superare
1097 657 1162 702 non
1175 658 1231 723 po·

125 752 262 813 tucrunt.
321 745 413 823 Quae
445 765 516 811 cum
548 745 595 809 ita
627 744 703 829 sint,
745 745 901 831 epitaphii
934 764 1061 830 quoque
1092 744 1231 811 elocutio

121 852 284 936 diotioque
316 872 387 919 cum
418 852 492 937 ipsa
522 872 580 937 per
612 871 648 917 se
677 857 861 937 excusatur,
891 858 966 936 tum,
999 851 1027 917 si
1050 851 1123 935 quis
1150 849 1233 916 forte

122 958 267 1027 eiusdem
290 958 431 1025 auctoris
454 957 670 1044 olympiacum
693 958 724 1024 ei
747 957 911 1043 obtendat,
935 957 1017 1025 satis
1041 956 1232 1024 defenditur.

189 1066 368 1150 Utcumque
390 1065 461 1150 hae,
485 1085 566 1150 quas
589 1065 769 1151 attulimus,
793 1085 912 1133 causae
936 1085 972 1131 se
993 1065 1126 1145 hahent,
1149 1085 1233 1131 nunc

125 1173 238 1257 utique
260 1173 311 1259 iis,
334 1193 417 1257 quae
440 1179 551 1238 contra
574 1192 633 1239 nos
657 1172 902 1258 contenduntur,
928 1171 1054 1257 pondus
1077 1177 1233 1238 certorum

121 1286 380 1365 argumentorum
390 1298 598 1366 opponamus,
613 1299 697 1363 quae
705 1286 850 1347 nostram
859 1280 1051 1347 sententiam
1065 1284 1232 1345 motantur.

122 1387 172 1453 Ab
205 1392 277 1453 utra
308 1392 401 1472 parte
433 1392 499 1451 turn
533 1406 656 1452 summa
671 1392 718 1452 ·et
750 1386 926 1453 auotoritas
957 1385 1116 1451 rationum
1138 1405 1230 1471 prae·

120 1494 288 1581 ponderat,
312 1515 352 1561 ea
374 1500 567 1560 momentum
589 1494 717 1562 habeat.

187 1601 389 1685 Quamquam
410 1601 540 1688 proprie
562 1601 652 1667 nulla
675 1606 764 1667 certa
786 1620 898 1666 norma
924 1620 964 1666 ac
990 1601 1105 1685 regula
1132 1600 1231 1669 statui

121 1714 237 1794 potest,
261 1708 304 1774 ad
327 1728 424 1792 quam
438 1708 622 1794 epitaphius
645 1706 864 1794 perpendatur
881 1713 979 1791 atque
994 1706 1231 1793 determinetur,

121 1822 229 1882 tamen
252 1814 524 1901 comparationem
548 1815 618 1881 eius
648 1834 719 1881 oum
747 1814 864 1881 ceteris
887 1813 1007 1899 Lysiae
1034 1816 1232 1881 orationihus

121 1921 269 2006 equidem
291 1941 446 2007 perquam
473 1941 532 2006 pro
561 1920 770 1987 fundamento
797 1920 892 1987 huius
920 1921 1121 2004 quaestionis
1147 1942 1232 2008 pono

121 2049 224 2113 neque
251 2028 347 2096 aliter
379 2048 450 2095 cam
482 2028 624 2113 persolvi
655 2048 753 2112 posse
786 2027 944 2094 existimo.
996 2029 1143 2113 Namque
1174 2029 1233 2095 illa

122 2136 261 2202 omniurn
291 2156 396 2202 rerum
427 2134 480 2200 lex
515 2140 548 2201 et
578 2140 711 2219 natura,
749 2155 846 2218 quam
876 2134 974 2218 vulgo
1006 2136 1233 2202 necessitatem

121 2242 332 2329 appellamus,
355 2242 388 2307 in
411 2247 517 2308 mente
532 2261 658 2326 quoque
676 2240 817 2307 humana
830 2247 954 2307 tantum
969 2242 1057 2308 valet
1078 2261 1119 2307 ac
1132 2242 1230 2327 viget,

121 2355 156 2416 ut
178 2348 335 2433 quidquid
359 2348 458 2415 semel
480 2348 610 2433 ingenio
644 2348 849 2433 concepimus
881 2354 915 2415 et
949 2348 1167 2435 concoximus,
1198 2349 1233 2415 id

121 2456 233 2522 iterum
256 2456 433 2539 iterumque
455 2455 528 2541 pari
559 2454 654 2521 modo
686 2454 809 2539 fingere
840 2461 938 2539 atque
970 2455 1125 2540 effingere
1159 2477 1231 2522 oon-

7 2548 16 2617 ὗ
76 2590 80 2599 ·
122 2562 278 2629 suerimus
314 2582 419 2647 neque
456 2582 474 2628 e
511 2562 671 2628 contrario
703 2562 833 2649 proprie
864 2569 921 2628 aut
952 2562 1098 2646 singulas
1129 2583 1231 2630 novas

121 2670 334 2754 cogitationes
370 2667 543 2735 informare
579 2676 636 2735 aut
672 2668 841 2737 universas
880 2669 1057 2736 sententias
1087 2669 1231 2755 proferre

121 2795 284 2861 queamus,
316 2776 378 2843 nisi
412 2776 603 2860 quibusdam
636 2776 831 2860 imaginibus
862 2777 1116 2862 motionibusque,
1149 2798 1231 2861 quas

121 2883 185 2949 iam
208 2889 314 2949 monte
336 2889 507 2970 perceptas
531 2890 563 2949 et
592 2884 740 2967 cognitas
772 2883 941 2968 habemus,
973 2889 1136 2967 tamquam
1167 2884 1230 2969 pri-

118 2991 231 3057 mariis
254 2990 419 3075 cogitandi
443 2990 608 3057 elementis
627 2996 725 3074 atque
739 2989 850 3057 formis
865 2990 1105 3076 coniungendis,
1127 2997 1230 3058 trans·

121 3096 306 3183 formandis,
329 3096 575 3183 amplificandis.
628 3098 701 3165 Non
733 3117 795 3181 quo
824 3096 906 3163 sorte
932 3097 1015 3163 haec
1041 3098 1158 3165 mentis
1190 3118 1230 3164 ac

119 3204 292 3271 memoriae
315 3204 475 3271 humanae
497 3204 581 3270 ratio
605 3209 637 3270 et
659 3204 808 3289 facultas,
842 3223 938 3287 quam
965 3203 1148 3289 philosophi
1175 3224 1230 3271 an·

121 3312 263 3395 gustiore
296 3310 436 3395 quodam
463 3311 628 3377 intellectu
658 3311 908 3378 associationem
939 3310 1084 3377 idearum
1114 3330 1231 3377 vocare

121 3416 235 3503 solent,
258 3418 291 3482 in
314 3418 376 3483 hao
398 3418 456 3484 tali
480 3418 669 3502 quaestione
698 3438 784 3485 nova
812 3424 909 3502 atque
940 3416 1088 3484 inaudita
1119 3418 1162 3484 sit
1191 3438 1231 3485 ac

120 3545 185 3591 non
208 3524 316 3611 potius
341 3546 466 3611 semper
489 3524 689 3610 adhibeatur,
714 3524 773 3592 sed
795 3545 891 3609 quam
904 3525 1092 3591 immensum
1104 3524 1231 3610 pondus
1335 3613 1338 3617 ι

121 3651 161 3697 ac
183 3637 377 3698 momentum
399 3632 433 3696 in
455 3631 518 3697 hac
540 3632 599 3697 tali
619 3631 727 3697 critice
740 3651 896 3717 prospere
911 3630 1091 3698 exercenda
1112 3631 1232 3698 haheat

121 3742 153 3804 et
175 3737 294 3804 haheat
316 3757 450 3807 necesse
473 3739 530 3823 sit,
558 3736 698 3803 nondum
726 3739 809 3805 satis
836 3738 914 3803 mihi
946 3737 1075 3822 quidem
1104 3737 1231 3805 videtur

122 3863 195 3911 esso
219 3844 381 3928 cognitum
404 3851 436 3910 et
460 3846 707 3930 comprohatum.
752 3846 866 3928 Neque
895 3864 973 3911 vero
1003 3864 1157 3929 veremur,
1188 3864 1229 3911 ne

119 3951 153 4017 in
175 3951 237 4017 hae
259 3951 333 4035 lege
357 3972 395 4019 ao
417 3953 543 4018 ratione
566 3951 610 4017 ad
633 3952 832 4037 epitaphium
854 3951 1040 4018 adhihenda
1062 3952 1117 4036 iis,
1146 3972 1230 4036 quac

120 4078 160 4124 ex
183 4064 276 4144 parte
298 4058 438 4125 adversa
455 4058 738 4145 contradicuntur,
761 4060 795 4125 in
810 4059 979 4143 angustias
993 4059 1228 4144 compellamur,

121 4164 179 4231 sed
202 4164 271 4231 fieri
293 4186 357 4232 non
378 4172 500 4252 potest,
523 4172 558 4232 ut
576 4164 828 4251 profunditatem
845 4166 967 4250 ingenii
986 4165 1115 4232 humani
1137 4186 1228 4251 prae·

120 4272 230 4338 sertim
253 4291 294 4338 ex
317 4272 368 4339 his
391 4274 540 4340 tenuibus
563 4272 707 4356 reliquiis
729 4272 859 4360 penitus
874 4279 1109 4359 perscrutemur
1131 4278 1230 4356 atque

119 4378 362 4464 perspiciamus.
408 4380 451 4444 At
472 4400 549 4447 vero
573 4378 708 4445 imitatio
733 4400 804 4445 oum
826 4380 860 4445 in
888 4380 1033 4446 omnihus
1055 4380 1107 4445 his
1133 4380 1229 4446 robus

119 4485 262 4553 nonnihil
285 4486 381 4572 valet,
405 4492 472 4551 turn
494 4486 528 4551 in
547 4491 689 4553 veterum
712 4486 830 4555 litteris
843 4485 975 4552 maximi
997 4484 1229 4553 fuitmomenti
