3034 5067
617 436 658 499 37

84 630 194 697 durius
217 629 405 716 pronomine
427 649 491 695 nou
513 628 675 696 indicatur
699 632 719 711 ξ
743 631 794 696 32.
839 630 882 693 At
909 627 971 693 hoo
999 647 1062 693 non
1090 626 1195 694 minus

83 738 179 803 facile
203 758 243 803 ex
265 736 393 802 nomine
415 735 531 822 prioris
563 736 720 803 enuntiati
743 735 886 822 suppleri
914 740 1022 820 potest
1045 754 1141 817 quam
1163 734 1197 799 in

83 844 197 910 eadem
220 843 287 909 fere
309 842 435 928 periodi
458 849 617 909 structura
641 844 692 928 34,
708 846 736 927 8,
760 842 799 908 cf.
827 850 853 927 1,
869 844 919 927 10,
934 843 985 909 20.
1012 841 1065 908 Er.
1090 839 1193 907 23311.

84 952 120 1019 ir.
149 954 200 1017 25.
245 950 351 1016 Μ1111
375 949 579 1019 desideratur
600 969 776 1035 pronomen
804 947 891 1034 apud
914 946 1098 1031 genetivum
1124 968 1196 1033 par-

82 1059 193 1145 ticipii,
215 1058 304 1123 velut
327 1062 347 1139 g
368 1060 407 1125 76
431 1057 642 1123 ἀποθανόντων
666 1060 706 1132 δέ,
737 1059 787 1142 19,
810 1058 832 1122 4
855 1055 1066 1128 ἀποθανόντος
1088 1058 1129 1131 δέ,
1157 1054 1196 1121 11

82 1168 168 1247 ξ49.
191 1169 219 1250 1,
235 1167 286 1232 38.
305 1166 334 1249 e,
351 1168 378 1230 1.
393 1167 422 1249 9,
439 1167 488 1230 14.
512 1167 560 1249 12,
574 1166 627 1250 45,
642 1167 693 1232 64.
715 1166 765 1249 13,
780 1166 831 1230 82.
849 1166 898 1249 17,
914 1164 943 1230 5.
961 1163 1011 1248 19,
1025 1163 1077 1228 46.
1091 1160 1129 1227 fr.
1145 1160 1195 1229 23.

82 1272 117 1338 fr.
136 1274 186 1357 75,
200 1276 230 1339 6.
264 1271 456 1337 Pronomine
471 1270 578 1339 ἐκεῖνοι
593 1268 718 1356 (αὐτῶν)
733 1270 946 1354 designantur
958 1269 1085 1335 incolae
1098 1268 1196 1353 urbis,

82 1399 166 1463 quae
180 1378 277 1465 paulo
301 1378 480 1445 antedicta
504 1384 561 1463 111,
585 1380 671 1460 §22
695 1378 782 1459 §aa
806 1379 893 1462 31,9
918 1377 984 1462 (12,
999 1374 1065 1463 58).
1104 1374 1196 1442 Idem

81 1506 257 1571 pronomen
284 1491 392 1551 orator
418 1505 482 1550 non
509 1484 668 1551 dubitavit
695 1504 853 1569 usurpare
879 1503 937 1569 pro
967 1482 1071 1548 ἑαυτοῦ
1099 1486 1120 1564 ξ
1144 1484 1195 1548 22.

83 1595 201 1678 15,11.
232 1595 348 1679 21,12,
375 1592 493 1659 nedum
514 1591 548 1657 id
572 1591 715 1658 offendat
737 1591 878 1677 positum
905 1610 963 1677 pro
988 1586 1197 1674 111111

82 1704 102 1780 ξ
117 1702 170 1766 68.
189 1702 237 1785 12,
250 1703 299 1767 17.
322 1700 506 1784 Descriptio
521 1698 707 1784 temporalis
731 1696 765 1763 od
779 1701 882 1783 πολλῷ
895 1704 995 1784 χρόνῳ
1008 1694 1130 1783 ὕστερον
1153 1695 1197 1762 ad

82 1806 228 1873 eiusdem
241 1806 367 1891 periodi
386 1806 529 1892 proxime
544 1804 744 1891 praecedens
759 1805 958 1871 enuntiatum
972 1802 1197 1871 secundarium

83 1920 208 2000 spectat
227 1918 247 1995 ξ
262 1917 314 1983 58.
332 1916 380 2001 13,
395 1916 424 1983 11.
461 1914 499 1980 In
513 1912 681 1981 sententiis
696 1920 804 1979 autem
819 1912 1019 1979 secundariis
1035 1910 1196 1979 struendis

83 2028 191 2088 orator
199 2042 435 2106 nonnumquam
450 2021 717 2088 constructionem
740 2020 774 2086 in
787 2020 896 2105 priore
909 2021 1050 2086 membro
1065 2019 1195 2086 inchoa-

82 2135 147 2193 tam
170 2128 347 2213 neglegens
361 2130 496 2195 alterum
519 2130 692 2195 membrum
714 2128 839 2193 ratione
861 2127 1088 2194 enuntiationis
1110 2126 1196 2212 prin-

83 2235 167 2319 palis
191 2234 316 2303 format.
362 2237 459 2303 Velut
482 2240 501 2317 §
521 2238 563 2303 36
586 2235 620 2300 in
643 2236 752 2320 specie
767 2240 946 2301 structurae
969 2232 1196 2321 ὣστε-μὲν-δὲ

84 2342 172 2425 prius
188 2343 362 2409 membrum
384 2342 551 2421 infinitivo,
576 2341 711 2407 alterum
733 2361 810 2407 vero
833 2340 1010 2407 indicativo
1033 2346 1195 2407 construo-

83 2454 148 2512 tum
176 2455 236 2517 est.
285 2449 377 2516 Haec
403 2450 477 2536 ipsa
503 2450 638 2515 mutatio
667 2448 913 2516 constructionis
941 2446 978 2513 111
1005 2447 1093 2534 apud
1120 2446 1196 2514 11111
1301 2475 1303 2480 ·

89 2558 114 2640 1,
130 2558 159 2621 6.
194 2558 243 2642 13,
260 2559 310 2624 78.
347 2561 396 2641 16,
416 2560 444 2642 5,
478 2556 565 2641 apud
596 2558 714 2643 μὲν-δὲ
747 2557 797 2641 12,
816 2556 868 2639 38,
901 2574 962 2638 quo
993 2555 1212 2640 potissimum·

87 2662 233 2747 exemplo
269 2662 351 2729 illud
388 2664 544 2750 epitaphii
579 2661 806 2729 anacoluthum
841 2662 973 2747 egregie
1008 2662 1196 2748 illustratum,

86 2769 124 2836 ef.
150 2773 180 2855 7,
204 2773 256 2837 27.
283 2772 333 2855 13,
350 2772 399 2855 18,
415 2774 465 2838 85.
513 2770 577 2837 Sed
605 2790 669 2853 qua
695 2770 821 2836 ratione
848 2769 979 2836 omissio
1001 2769 1092 2835 verbi
1114 2768 1195 2834 finiti

86 2880 161 2958 §31
181 2878 328 2945 excusari
342 2878 503 2963 potest?¹)
535 2876 626 2954 Quae
649 2884 683 2943 ut
696 2876 808 2962 primo
832 2877 943 2941 obtutu
966 2875 1048 2941 dura
1059 2875 1195 2961 videtur,

85 2985 132 3051 ita
164 2986 346 3052 accuratius
382 2986 529 3072 inspecta
566 2991 663 3068 atque
700 2988 888 3069 comparata
918 2982 1024 3049 minus
1061 2981 1195 3048 offendit

86 3092 245 3177 facileque
268 3094 431 3179 probatur.
476 3084 560 3161 Nam
584 3092 697 3159 sicum
718 3091 781 3156 hac
795 3090 955 3157 sententia
968 3088 1195 3156 anacoluthum

88 3204 138 3285 13,
158 3203 201 3267 63
226 3199 430 3286 conferimus,
457 3206 592 3291 utroque
613 3200 685 3265 loco
709 3197 750 3263 de
773 3198 877 3263 altera
900 3196 1035 3262 duarum
1056 3197 1195 3282 partium

85 3309 205 3394 agitur,
233 3315 368 3392 utroque
396 3307 466 3374 loco
494 3307 588 3392 plura
610 3305 783 3391 participia
813 3311 845 3371 et
868 3304 1033 3371 enuntiata
1056 3304 1195 3371 relativa

83 3414 294 3500 intercedunt,
318 3421 452 3498 utroque
475 3413 613 3498 denique
635 3412 687 3479 his
710 3412 751 3478 de
777 3412 884 3478 causis
903 3418 959 3478 aut
978 3431 1018 3478 ex
1037 3412 1087 3492 iis,
1110 3431 1194 3495 quae

84 3521 290 3608 praecedunt,
313 3523 444 3588 verbum
467 3520 599 3605 aliquod
623 3518 767 3605 suppleri
790 3525 846 3585 aut
869 3518 994 3605 copula,
1015 3520 1104 3585 velut
1128 3516 1190 3598 etet,

84 3632 221 3715 cogitari
243 3637 359 3715 potest.
395 3628 556 3707 Quavero
579 3648 614 3694 re
636 3628 720 3694 hunc
734 3628 933 3711 quaestionis
956 3626 1061 3692 locum
1079 3626 1193 3693 melius

84 3737 275 3804 concludere
289 3756 459 3823 possumus
482 3756 578 3819 quarn
602 3734 757 3820 exemplis
780 3734 876 3799 huius
894 3733 1028 3799 rationis
1043 3731 1192 3799 dicendi?

83 3848 162 3927 §70
180 3844 437 3932 ἐτελεὺτηοαν-τῇ
461 3848 514 3930 μὲν
536 3847 601 3929 γὰρ
625 3843 741 3927 πατρίδι
763 3846 802 3907 τὰ
815 3840 923 3929 τροφεῖ’
937 3838 1107 3916 ἀποδόντες,
1130 3852 1194 3913 τοῖς

83 3955 114 4017 δὲ
136 3956 261 4039 cpidum
284 3952 381 4023 λόπας
398 3954 620 4029 καταλιπόντες,
647 3951 697 4033 19,
711 3950 753 4014 56
776 3944 914 4029 λέγω-11)
935 3950 1002 4032 γὰρ
1025 3951 1193 4035 φιλοτιμίας

81 4059 180 4137 ἕνεκα,
205 4058 285 4123 ἀλλὰ
308 4064 468 4145 τεκμήριον
489 4060 672 4142 ποιοὺμενος,
697 4054 736 4121 cf.
761 4054 860 4121 Thuo.
883 4056 907 4141 1,
931 4056 982 4140 25,
996 4054 1060 4135 4²)

150 4166 187 4229 In
211 4162 473 4231 collocatione
495 4165 675 4249 verborum,
706 4161 864 4246 siquidem
886 4162 968 4228 haec
990 4181 1117 4246 quoque
1140 4182 1192 4227 res

82 4275 116 4338 in
144 4272 204 4338 tali
232 4273 425 4356 quaestione
452 4270 576 4355 aliquid
603 4270 701 4337 habet
728 4272 894 4357 momenti,
920 4270 1038 4356 Lysias
1066 4271 1100 4335 in
1127 4271 1191 4355 epi-

82 4382 294 4393 ...-..--.--——

156 4416 177 4483 ¹)
196 4416 367 4469 Erdnrannus
385 4407 680 4483 inscrit'duepddpqcav.

156 4503 177 4574 ²)
197 4504 437 4561 1111111111,
457 4503 475 4557 1.
494 4522 520 4573 p.
540 4504 582 4557 32.
