3034 5067
1021 936 1402 1413 W

317 1581 447 1636 Isocrates
460 1579 507 1645 IV,
522 1578 540 1633 8
553 1575 632 1629 1111111
645 1578 759 1647 φευκτέον
772 1575 842 1630 ταῦτ’
855 1575 915 1640 ἐστὶ,
928 1577 983 1648 περὶ
995 1570 1031 1627 ὧν
1039 1574 1115 1647 ἕτεροι
1127 1572 1243 1647 πρότερον

554 1664 689 1739 εἰρήκασιν,
704 1664 764 1719 ἀλλ’
778 1665 878 1737 ἄμεινον
892 1665 990 1718 ἐκείνων
1002 1663 1078 1717 εἰπεῖν
1090 1664 1222 1735 πειρατέον.

229 1760 296 1876 Vix
326 1810 394 1877 ulla
426 1811 571 1894 quaestio
607 1809 784 1876 litterarum
817 1809 1012 1877 Graecarum
1048 1808 1267 1895 imprimisque

157 1918 360 2003 eloquentiae
373 1918 501 1985 Attioae
523 1918 606 1985 inter
627 1917 773 1985 homiues
788 1917 902 1984 doetus
924 1923 982 1983 aut
1003 1915 1110 1983 aerius
1126 1915 1266 1983 studium

157 2026 310 2093 excitavit
341 2031 398 2091 aut
425 2026 580 2092 maiorem
613 2024 847 2092 dissensionem
879 2024 1049 2090 commovit
1081 2042 1176 2106 quam
1208 2023 1267 2087 illa

157 2132 349 2217 disquisitio,
373 2152 457 2217 quae
477 2131 587 2218 posita
610 2138 660 2198 est
683 2132 716 2197 in
739 2131 906 2217 epitaphii,
935 2130 990 2215 qui
1012 2130 1133 2215 Lysiae
1156 2130 1267 2196 inseri-

156 2240 250 2325 hitnr,
272 2260 350 2305 vera
365 2240 489 2323 origine
505 2238 687 2305 statuenda.
730 2238 844 2323 Neque
861 2238 923 2303 hoo
936 2237 1051 2302 mirum
1074 2256 1147 2303 esse
1162 2235 1267 2303 dehet.

156 2346 239 2413 Nam
253 2346 321 2412 iure
336 2345 484 2412 dubitare
501 2365 681 2431 possumus,
704 2352 810 2411 utrum
827 2345 909 2412 haee
923 2345 1025 2410 oratio
1044 2342 1117 2429 plus
1131 2343 1267 2409 auotori-

156 2454 233 2519 tatis
248 2453 368 2519 habeat
391 2453 435 2519 ad
450 2453 662 2537 antiquiorem
678 2451 895 2537 eloquentiam
909 2451 1050 2518 Attieam
1073 2470 1267 2535 eognoscen-

158 2561 241 2647 dam,
264 2582 307 2626 an
329 2562 402 2646 plus
415 2562 571 2646 praebeat
585 2559 787 2626 difficultatis
810 2559 854 2625 ad
866 2580 976 2625 verum
997 2578 1089 2625 suum
1102 2565 1265 2623 auctorem

158 2666 397 2754 explorandum
441 2667 547 2752 Atque
562 2674 714 2750 quantum
736 2666 864 2752 pondus
887 2672 920 2731 et
941 2670 1133 2731 momentum
1146 2664 1268 2749 Lysiae
1325 2680 1330 2690 ·

158 2774 351 2860 epitaphius,
375 2773 533 2858 siquidem
546 2774 705 2858 genuinus
719 2780 778 2859 est,
801 2773 945 2859 ipseper
959 2791 995 2838 se
1008 2772 1137 2851 haheat,
1156 2776 1268 2856 utpote

158 2881 213 2964 qui
245 2870 500 2965 antiquissimum
534 2881 578 2947 sit
610 2880 660 2947 sui
692 2879 822 2964 generis
852 2885 1088 2945 monumentum
1117 2877 1216 2961 idque
1247 2896 1268 2941 a

158 2987 337 3063 clarissimo
356 2988 444 3055 illius
459 2987 612 3073 temporis
628 2986 792 3053 eonditum
807 2992 942 3071 oratore,
966 3004 1030 3051 non
1045 3004 1126 3070 opus
1140 2983 1269 3050 videtur

159 3114 232 3163 esse
254 3095 306 3161 vel
329 3114 392 3161 uno
414 3096 513 3161 verbo
535 3113 674 3161 monere.
720 3092 882 3172 Quantum
903 3112 980 3159 vero
1003 3091 1113 3159 valeat
1135 3090 1179 3157 ad
1201 3091 1268 3157 alia

159 3200 303 3267 eiusdem
333 3201 452 3269 aetatis
485 3202 606 3287 scripta
637 3200 843 3287 illustranda,
875 3200 956 3267 satis
984 3198 1166 3285 apparebit,
1197 3216 1268 3263 oum

158 3313 348 3392 argumenta
370 3308 456 3395 ipsa,
484 3328 568 3393 quae
592 3308 790 3375 extrinsecus
819 3307 863 3373 ad
885 3308 956 3375 eius
977 3306 1075 3372 iidem
1096 3305 1268 3374 auetorita-

158 3422 286 3499 temque
318 3414 599 3481 demonstrandam
632 3414 820 3500 afferuntur,
853 3413 1128 3501 explicaverimus.
1178 3411 1268 3477 Diiu-

159 3522 353 3588 dieationem
380 3528 488 3589 autem
513 3522 609 3587 huius
636 3522 837 3605 quaestionis
867 3520 1089 3587 difficillimam
1117 3518 1268 3586 1111111

158 3629 234 3696 inde
258 3630 374 3716 elucet,
401 3628 488 3713 quod
515 3628 661 3713 quamvis
689 3628 782 3694 multi
808 3626 914 3694 adhue
940 3627 1024 3693 hano
1047 3646 1179 3693 eausam
1200 3631 1268 3692 ten·

158 3737 298 3804 taveriut
314 3736 522 3821 quamvisque
537 3756 689 3820 magnam
703 3754 835 3821 operam
857 3741 955 3820 atque
971 3734 1150 3800 doctrinam
1172 3733 1206 3797 in
1228 3752 1268 3797 ea

159 3843 422 3930 consumpserint,
444 3862 517 3909 mea
541 3842 669 3926 quidem
685 3843 846 3909 sententia
867 3841 987 3908 nemini
1009 3841 1116 3907 adhue
1134 3839 1269 3923 eontigit

158 3950 241 4017 illud
263 3951 357 4034 quasi
384 3948 546 4035 quoddam
573 3950 724 4035 aenigma
751 3950 929 4017 litterarum
960 3950 1058 4036 plane
1084 3947 1268 4033 persolvere

159 4064 258 4142 atque
285 4056 329 4123 ad
352 4057 472 4124 exitum
494 4056 664 4123 adducere.
708 4056 792 4125 Nam
819 4056 848 4123 si
870 4056 1037 4124 historiam
1063 4060 1097 4121 et
1117 4072 1268 4140 praesen-

158 4172 225 4231 tem
238 4170 358 4231 statum
379 4164 476 4232 huius
488 4163 686 4249 quaestionis
699 4163 839 4231 breviter
852 4164 1093 4249 perlustramus,
1115 4169 1151 4227 ut
1170 4159 1269 4227 semel

158 4272 236 4337 inde
263 4271 438 4338 aReiskio
467 4270 507 4338 de
530 4272 651 4357 Lysiae
679 4270 836 4357 epitaphii
865 4270 1005 4355 genuina
1032 4268 1157 4353 origine
1179 4266 1269 4333 dubi-

159 4379 300 4446 tationes
324 4380 483 4445 exoitatae
507 4385 593 4464 sunt,
621 4378 758 4445 decursu
781 4378 936 4463 temporis
958 4376 1092 4443 totidem
1121 4374 1207 4441 doeti
1230 4394 1270 4438 ao

159 4487 321 4572 praeclari
347 4486 408 4554 viri
435 4494 546 4553 eontra
575 4506 648 4553 eum
675 4485 869 4571 adversarii,
896 4490 974 4568 quot
998 4503 1058 4570 pro
1082 4504 1121 4549 eo
1143 4480 1270 4568 patroni

1078 4591 1091 4643 1
1365 4583 1367 4588 .
