3034 5067
840 418 881 483 14

755 504 965 517 -ῇ

304 626 376 673 nem
399 607 541 675 oblatam
564 608 812 694 arripuissent
835 609 922 677 illius
945 630 1025 678 suae
1048 609 1198 679 factionis
1221 632 1434 698 suarumque

306 714 399 781 simul
421 715 524 800 ipsius
547 716 698 782 virtutum
720 721 818 799 atque
840 716 985 783 laborum
1000 726 1236 786 monumentum
1250 719 1431 804 quoddam

304 829 446 907 poneret
494 821 585 899 Quae
609 823 793 889 eonieotura
815 844 887 889 eum
909 844 968 908 per
997 845 1033 891 se
1062 845 1218 892 summam
1244 827 1434 912 probabili-

305 934 406 995 tatem
428 929 534 1014 habet,
558 936 623 995 tum
646 949 722 996 vero
745 930 866 996 nullam
889 929 1123 999 dubitationem
1135 933 1295 1017 relinquit,
1319 934 1350 999 si
1372 955 1429 999 re-

303 1042 462 1121 putamus,
487 1056 557 1118 qua
589 1036 714 1101 ratione
742 1042 775 1101 et
807 1042 928 1119 quanta
960 1056 1033 1103 eum
1063 1036 1276 1105 admiratione
1308 1047 1432 1105 orator

306 1142 380 1208 illas
402 1142 537 1209 virtutes
561 1162 632 1209 oum
655 1141 782 1208 omnino
806 1141 840 1207 in
861 1143 1050 1229 maioribus,
1079 1152 1145 1211 tum
1167 1145 1290 1211 inillis
1312 1166 1425 1231 popu·

303 1248 425 1315 laribus
457 1248 524 1315 suis
556 1247 723 1333 praedicet
755 1254 853 1332 atque
885 1255 985 1318 ornet.
1037 1251 1121 1319 Nam
1152 1257 1188 1316 ut
1215 1272 1235 1317 a
1261 1251 1424 1319 laudibus

303 1355 414 1423 horum
436 1354 562 1421 initium
585 1356 759 1440 oapiamus,
783 1361 891 1421 orator
914 1376 972 1423 eas
995 1360 1016 1437 ξ
1038 1360 1079 1425 61
1105 1358 1270 1425 exorditur
1300 1359 1426 1427 eadem

303 1462 522 1547 appellatione
545 1461 651 1529 ἐκεῖνοι
674 1462 701 1529 οἱ
723 1462 838 1547 ἄνδρες,
862 1482 927 1546 qua
941 1483 1014 1529 eum
1027 1464 1125 1529 animi
1145 1464 1285 1548 quodam
1298 1466 1424 1532 ardore

302 1569 413 1655 populi
436 1568 536 1635 duoes
559 1568 633 1635 illos
655 1568 837 1654 proditione
860 1570 1068 1655 interemptos
1091 1574 1262 1658 voest-13,
1284 1576 1338 1657 41,
1364 1576 1421 1658 92,

303 1679 354 1762 93,
378 1678 429 1761 94,
452 1679 495 1743 95
517 1676 577 1743 bio.
635 1676 742 1742 Verba
768 1696 844 1743 vero
873 1677 944 1744 eius
971 1676 1054 1743 initii
1077 1681 1097 1759 ἓ
1118 1681 1157 1746 61
1185 1684 1298 1753 πάντας
1320 1684 1420 1745 πολε-

303 1790 387 1871 μίους
408 1789 582 1871 κεκτημένοι
606 1780 649 1855 εἰς
670 1788 718 1849 τὸν
741 1781 870 1868 Πειραιᾶ
891 1786 1059 1871 κατηλθον,
1075 1804 1147 1851 eum
1169 1784 1284 1851 eadem
1307 1787 1419 1869 gravi-

301 1897 369 1957 tate
395 1896 493 1974 atque
523 1890 556 1955 vi
588 1888 677 1955 diota
710 1895 784 1955 sunt
814 1910 854 1955 ao
881 1889 981 1956 verba
1014 1889 1056 1956 de
1083 1890 1197 1957 iisdem
1228 1890 1415 1960 hominibus

302 1997 335 2062 in
358 1996 471 2063 eadem
502 2016 537 2063 re
572 1998 620 2082 12,
653 1999 694 2062 97
727 2000 847 2062 πολλῶν
882 1996 1102 2084 ἐναντιουμένων
1134 1996 1246 2084 ἤλθετε
1283 1997 1325 2072 εἰς
1363 2004 1416 2065 τὸν
1465 2008 1469 2016 ’

302 2103 439 2190 Πειραιᾶ.
488 2103 552 2170 Sed
584 2104 617 2167 in
650 2103 771 2188 eapite,
784 2102 880 2169 buius
910 2104 1076 2189 praeconii
1108 2112 1216 2169 orator
1247 2111 1414 2189 tamquam

302 2210 465 2295 quoddam
496 2208 616 2275 dietum
646 2210 810 2295 proprium
841 2230 881 2275 ae
908 2210 1085 2294 symbolum
1118 2210 1245 2277 illorum
1271 2211 1413 2277 virorum

301 2318 408 2404 posuit
431 2317 631 2402 sententiam,
654 2336 719 2400 qua
742 2316 836 2383 simul
859 2317 953 2399 quasi
977 2337 1053 2383 suas
1076 2316 1179 2401 ipsine
1201 2317 1288 2383 vitae
1311 2319 1410 2383 ratio-

301 2444 359 2491 nes
389 2424 559 2507 studiaque
588 2422 715 2488 videtur
751 2442 824 2489 esse
854 2421 1035 2508 professusz
1068 2426 1089 2503 ὅ
1112 2426 1151 2489 61
1178 2428 1334 2512 μευηοντες
1357 2430 1411 2511 την

301 2534 434 2597 δουλείαν
457 2535 509 2596 καὶ
531 2534 662 2615 περὶτοῦ
683 2532 795 2595 δικαίου
815 2537 980 2617 μαχόμενοι
992 2534 1046 2595 καὶ
1058 2527 1130 2614 ὑπὲρ
1143 2542 1196 2617 της
1210 2532 1413 2617 δημοκρατίας

301 2644 519 2709 στασιάσαντες.
565 2635 707 2702 Eaedem
731 2635 799 2701 lere
821 2636 965 2721 virtutes,
988 2634 1032 2701 ad
1054 2656 1137 2719 quas
1159 2636 1281 2720 legum
1304 2638 1410 2703 obser-

300 2743 388 2809 vatio
411 2742 546 2827 aceedit,
570 2742 743 2808 laudantur
767 2742 863 2810 etiam
891 2742 924 2807 in
948 2743 1182 2826 antiquissimis
1208 2743 1410 2810 Atheniensi-

299 2852 359 2917 bus
383 2854 403 2931 ξ
429 2852 567 2918 17-19.
616 2850 694 2915 Cum
716 2850 768 2917 his
796 2850 829 2915 in
856 2848 1021 2936 epitaphio
1052 2849 1203 2916 laudibus
1231 2851 1410 2935 comparari

299 2963 435 3042 possunt
456 2958 568 3042 verba,
600 2977 684 3040 quae
711 2956 755 3023 ad
788 2956 918 3024 eosdem
941 2957 1016 3023 illos
1047 2943 1223 3042 populares
1254 2964 1408 3042 spectant

300 3068 352 3149 28,
377 3066 417 3131 13
440 3062 505 3129 ὅσοι
536 3069 586 3151 μὲν
632 3064 849 3149 ἐλευθερίας
875 3069 927 3129 καί
954 3074 1005 3129 τοδ
1033 3065 1174 3129 δικαίου
1201 3063 1408 3151 ἐπιθυμοῦντες

299 3174 351 3237 καὶ
373 3172 441 3243 τοὺς
462 3177 594 3258 νόμους
620 3169 734 3257 ἰσχίιειν
763 3174 933 3257 βωλόρενοι
964 3176 1024 3238 ete.
1075 3171 1181 3254 Atque
1213 3190 1308 3253 quam
1340 3176 1407 3236 arte

299 3277 361 3342 hae
383 3276 517 3343 virtutes
544 3277 678 3361 imperio
705 3276 854 3362 populari
882 3276 1037 3342 contineri
1070 3275 1305 3343 existimandae
1337 3277 1406 3361 sint,

300 3383 405 3449 elueet
433 3403 473 3449 ex
504 3382 663 3449 contrario
699 3382 761 3450 hoe
791 3384 863 3450 loeo
895 3383 1045 3449 eontinuo
1073 3390 1236 3466 sequente.
1281 3383 1347 3449 Sed
1372 3390 1405 3448 ut

176 3494 180 3501 '
299 3509 382 3554 nuno
405 3488 590 3572 singulatim
614 3489 655 3555 de
677 3490 728 3556 his
756 3489 976 3573 similibusque
1002 3491 1099 3556 rebus
1127 3488 1286 3574 dieamus,
1314 3510 1405 3573 quam

299 3596 434 3662 aoerbus
457 3596 500 3663 sit
528 3603 635 3663 orator
663 3596 890 3663 dominationis
917 3603 1129 3682 contemptor,
1161 3616 1256 3680 quam
1287 3596 1401 3663 ardens

297 3701 457 3769 libertatis
479 3702 638 3790 laudator,
662 3703 814 3788 eognosoi
828 3709 937 3789 potest
950 3724 990 3770 ex
1004 3703 1054 3789 iis,
1078 3722 1162 3786 quae
1180 3702 1222 3770 de
1235 3703 1401 3769 maioribus

298 3813 466 3897 praedioat
497 3817 517 3894 ξ
553 3815 592 3879 18
625 3811 804 3895 ἐκβαλόντες
826 3814 880 3885 τὰς
912 3848 954 3858 -
991 3814 1202 3882 δυναστείας
1224 3811 1402 3896 δημοκρα-

299 3924 374 3985 τίαν
395 3926 610 4008 κατεστήσαντο
624 3916 779 4005 ἡμοίιρενοι
791 3921 844 4004 την
859 3924 994 3983 πάντων
1009 3916 1223 4000 ἐλευθερίαν
1240 3914 1402 4003 ὁμόνοιαν

298 4024 369 4093 εἶναι
401 4032 547 4115 μεγίστην.
594 4024 710 4090 Omnia
742 4022 810 4091 lere
841 4022 935 4089 huius
964 4023 1143 4090 sententiae
1169 4024 1328 4089 elementa
1356 4022 1401 4089 bis

297 4133 376 4200 loeis
399 4134 589 4219 reperimus:
614 4134 666 4217 36,
690 4134 710 4199 6
733 4133 801 4204 τοὺς
823 4133 856 4196 δὲ
877 4137 1066 4215 τυράννους
1090 4130 1285 4205 ἐξελάσαντες
1311 4135 1400 4217 κονίην

298 4240 408 4309 ἅπασι
453 4246 505 4327 την
551 4240 764 4325 ἐλευθερίαν
813 4244 1015 4325 κατέστησαν,
1065 4239 1125 4323 25,
1176 4240 1218 4305 23
1269 4235 1400 4325 ἡγεῖσθαι

299 4351 618 4434 δημοτικωτάτους,
642 4346 742 4420 οἵτινες
755 4343 917 4432 ὁμονοεῖν
938 4341 1017 4432 ὑμᾶς
1031 4347 1214 4431 βουλόμενοι,
1237 4342 1277 4408 ef.
1294 4346 1399 4428 18,17.

297 4454 396 4520 Porro
420 4454 533 4521 eodem
554 4454 611 4519 illo
634 4453 704 4519 loeo
729 4453 781 4537 25,
804 4454 847 4518 23
870 4457 979 4518 orator
996 4458 1090 4538 putat
1107 4450 1274 4536 popularis
1288 4450 1399 4533 ingenii
