3034 5067
638 370 731 479 ¹aa

150 609 338 694 generalius
371 608 527 693 loquitur,
569 615 666 692 atque
699 609 826 674 omnino
859 607 963 674 altera
995 628 1073 693 pars
1104 606 1268 694 orationis,

150 718 272 802 quippe
303 735 386 800 quae
418 736 476 801 per
504 735 539 783 se
567 716 800 799 generaliorem
832 714 1066 799 expositionem
1097 715 1268 801 contineat,

151 823 283 909 proprie
316 822 491 907 Lysianam
525 822 653 889 dicendi
686 822 827 908 speciem
858 823 1022 908 praebent.
1070 822 1137 889 Sed
1171 823 1269 889 etiam

154 931 240 997 intra
268 929 485 997 narrationem
517 930 621 1015 ipsam
649 931 840 1014 ubicumque
872 935 981 995 orator
1011 950 1069 1015 pro
1103 950 1163 997 sua
1195 950 1267 995 cou-

154 1036 324 1105 suetudine
338 1038 434 1103 rebus
448 1037 529 1121 ipsis
544 1036 725 1122 profligatis
739 1036 829 1104 brevi
844 1036 983 1120 quadam
999 1036 1269 1122 contemplatione

156 1150 255 1228 atque
283 1143 488 1211 conclusione
515 1150 660 1229 perorat,
689 1142 894 1229 expressiora
915 1142 1056 1227 vestigia
1079 1143 1199 1229 Lysiae
1221 1145 1269 1209 in-

154 1252 243 1336 genii
266 1250 544 1336 deprehendimus.
582 1251 673 1318 Haec
695 1251 794 1335 igitur
816 1252 911 1335 quasi
926 1250 1087 1335 quaedam
1109 1250 1269 1317 lucidiora

154 1366 275 1445 puncta
288 1360 451 1444 Lysianao
475 1358 508 1423 in
531 1358 695 1444 epitaphio
720 1357 932 1443 expositionis
955 1358 1091 1444 primum
1115 1358 1269 1445 deinceps

154 1468 364 1555 inspiciamus
378 1466 569 1552 incipientes
593 1467 635 1532 ab
651 1465 792 1534 exordio.
838 1464 954 1532 Orator
969 1465 1077 1533 dicere
1096 1465 1266 1533 exordiens

155 1596 193 1643 se
216 1581 358 1660 excusat,
382 1573 467 1658 quod
490 1573 668 1659 imparatus
692 1572 903 1657 aggrediatur
924 1572 968 1638 ad
990 1572 1173 1640 laudandos
1188 1593 1270 1639 mor·

153 1688 240 1767 tuos,
271 1682 437 1766 ingressus
469 1681 529 1748 sic:
562 1680 600 1745 Εἰ
631 1686 681 1769 μὲν
705 1679 840 1769 ἡγοὺμην
864 1679 925 1747 οἷόν
946 1703 978 1745 τε
999 1678 1202 1767 εἶναι-ἐπειδὴ
1227 1684 1268 1746 δέ.
1334 1680 1336 1687 ’

156 1788 261 1855 Simili
292 1788 494 1873 ingressione
526 1794 558 1853 et
591 1794 750 1854 structura
781 1788 908 1873 patroni
941 1808 1060 1855 causae
1094 1787 1270 1853 orationem

155 1896 314 1982 incipiunt
340 1896 469 1963 veniam
491 1902 639 1981 petentes
665 1894 869 1981 ignoscendi,
893 1894 979 1978 quod
1000 1895 1034 1960 in
1056 1893 1176 1961 indicio
1198 1914 1269 1979 pro-

156 2003 269 2089 deant,
293 2002 331 2071 fr.
356 2006 398 2071 88
422 2002 459 2068 Ei
482 2009 535 2091 μὲν
559 2002 622 2070 οἷόν
645 2002 671 2069 τ’
692 2003 819 2091 tir-duel
841 2004 887 2081 δέ,
912 2004 962 2087 32,
988 2005 1005 2067 1
1030 2000 1067 2066 Ei
1091 2000 1269 2089 μὲν-ἐπειδὴ

157 2118 268 2199 μέντοι.
314 2110 419 2194 Atque
448 2111 481 2175 in
508 2110 570 2176 hac
598 2131 633 2178 re
656 2108 802 2175 omnibus
824 2108 1005 2176 bominibus
1028 2129 1122 2175 omne
1144 2115 1270 2193 tempus

156 2239 221 2285 uon
245 2218 351 2303 magis
366 2217 485 2285 suffieit
508 2217 552 2285 ad
574 2217 663 2283 faeta
677 2223 872 2284 mortuorum
894 2236 951 2302 pro
972 2215 1130 2300 dignitate
1143 2215 1270 2301 praedi-

157 2325 273 2411 canda,
296 2346 392 2409 quam
417 2328 501 2410 12‚1
527 2324 709 2391 accusatori
732 2324 888 2391 autvires
910 2330 968 2390 aut
982 2330 1109 2408 tempus
1123 2322 1271 2389 sufficere

158 2433 321 2517 fingrmtur
343 2432 387 2497 ad
411 2432 518 2499 omnia
531 2452 657 2498 reorum
676 2432 808 2499 crimina
823 2430 1013 2497 enarranda.
1061 2430 1128 2497 Sed
1151 2430 1271 2496 oratori

159 2541 194 2607 in
216 2539 335 2607 iudicio
350 2540 516 2607 accusanti
531 2541 675 2607 oratione
700 2560 759 2607 sua
774 2546 939 2623 tamquam
961 2538 1060 2605 armis
1083 2538 1177 2622 quasi
1201 2558 1272 2604 oum

159 2647 344 2715 criminibus
368 2647 547 2715 adversarii
570 2646 715 2714 accusati
738 2646 967 2713 decertandum
991 2652 1049 2713 est
1085 2645 1177 2713 Haec
1199 2665 1271 2731 pro·

157 2756 277 2841 positio
315 2762 348 2821 et
384 2755 539 2839 cogitatio
578 2754 744 2822 cuiusdam
772 2753 957 2820 certaminis
993 2752 1113 2819 oratori
1152 2752 1272 2819 dicenti

158 2868 271 2929 eontra
294 2882 424 2930 causam
449 2861 619 2929 dicendam
632 2860 798 2946 subeundi,
826 2881 848 2926 a
870 2881 934 2944 qua
956 2860 1076 2945 Lysias
1090 2862 1177 2945 31‚3
1200 2880 1272 2945 pro·

158 2967 262 3037 fectus
296 2971 389 3054 quasi
417 2990 507 3036 arma
535 2968 755 3056 (παρασκευὴν)
786 2968 952 3051 utriusque
979 2966 1159 3033 adversarii
1190 2967 1274 3033 inter

158 3097 195 3144 se
219 3084 399 3163 comparat,
432 3076 475 3144 ad
503 3096 555 3143 res
585 3082 696 3161 gestas
723 3075 879 3140 maiorum
906 3072 1090 3140 laudandas
1113 3073 1274 3139 translata

157 3192 191 3251 et
223 3190 243 3269 ξ
276 3190 295 3253 2
330 3186 476 3253 subiecta
508 3190 566 3251 est.
610 3184 682 3250 Huc
714 3182 829 3249 codem
860 3181 971 3249 referri
1002 3187 1111 3267 potest
1141 3180 1273 3247 verbum

157 3300 386 3381 παρασκευάσαι
410 3292 505 3359 etde
529 3292 675 3358 oratioue
698 3290 838 3358 dicenda
861 3293 881 3372 ἓ
899 3293 915 3355 1
941 3295 974 3356 et
996 3288 1038 3355 de
1060 3288 1156 3355 rebus
1171 3287 1273 3372 gestis

157 3406 178 3483 ξ
203 3404 222 3467 2
246 3407 444 3488 usurpatum.
492 3400 640 3467 Ceterum
669 3398 710 3466 de
738 3397 856 3465 iisdem
881 3396 934 3464 his
955 3396 1017 3462 hoo
1044 3394 1116 3461 loco
1138 3395 1273 3460 verbum

157 3510 291 3597 ἀφθονία
314 3508 427 3575 eadem
442 3506 678 3591 significatione
702 3504 819 3571 dicitur
841 3512 939 3588 atque
965 3504 1050 3588 122
1073 3502 1115 3567 de
1136 3500 1273 3591 crimini·

156 3618 218 3683 bus
250 3616 305 3682 rei.
352 3615 596 3682 Contentionem
628 3619 736 3679 autem
767 3612 851 3679 inter
879 3610 1059 3695 materiam,
1092 3629 1176 3693 quae
1208 3607 1274 3673 iam

155 3723 285 3811 prolata
300 3731 358 3809 ost,
382 3730 414 3790 et
429 3742 512 3808 quac
526 3726 695 3807 practerea
709 3718 845 3806 proferri
859 3724 975 3804 potest,
992 3716 1112 3783 elatam
1124 3715 1272 3781 ridemus

157 3830 366 3917 oppositione
399 3836 431 3897 et
461 3830 630 3897 verborum
661 3824 880 3893 πολλὰ-ἱκανὰ
912 3831 944 3891 et
968 3824 1136 3891 verborum
1166 3820 1273 3888 εἰπεῖν·

157 3941 336 4023 παραλιπεῖν
359 3941 379 4019 ξ
404 3940 431 4003 2.
459 3940 486 4022 7,
502 3938 531 4003 9.
555 3938 606 4021 31,
623 3937 674 4001 34.
711 3932 816 4013 Quam
838 3951 916 3998 vero
940 3930 1090 4015 dilucide,
1113 3935 1148 3995 ut
1171 3933 1273 3995 totum

156 4046 219 4112 hoc
242 4044 408 4111 exordium
436 4044 480 4110 ad
504 4043 639 4111 eandem
666 4042 757 4107 illam
783 4039 941 4105 rationem
962 4054 1148 4103 revocemus
1175 4040 1274 4118 atque

157 4154 415 4240 interpretemur,
438 4152 545 4218 vultus
568 4149 696 4236 patroni
721 4167 891 4215 causarum
913 4146 1035 4231 Lysiae
1058 4164 1098 4211 ex
1122 4142 1273 4209 universa

156 4260 219 4326 hae
233 4265 253 4342 ξ
268 4259 438 4346 pellueeat,
463 4279 502 4324 ex
525 4259 649 4324 ratione
672 4255 785 4322 videre
807 4254 891 4338 licet,
915 4273 980 4337 qua
1003 4257 1111 4317 orator
1125 4248 1270 4315 facinora

156 4357 280 4453 eorum,
308 4387 388 4452 quos
412 4365 602 4432 laudaturus
626 4370 689 4449 est,
711 4362 852 4429 breviter
874 4358 1028 4426 describit
1051 4363 1147 4441 atquc
1170 4362 1271 4421 notat.

155 4474 239 4543 Nam
272 4494 335 4539 non
368 4472 516 4540 dissimili
548 4470 653 4557 modo,
686 4468 771 4553 quod
804 4466 932 4550 quidem
964 4463 1007 4531 ad
1040 4463 1271 4531 sententiarum
