3034 5067
780 376 822 440 26

248 575 440 637 structuram
473 569 677 654 ordinemque
709 570 834 655 attinet,
866 570 944 635 item
975 570 1008 634 in
1040 567 1173 636 exordio
1204 590 1363 654 praenun-

247 677 368 742 tiantur
390 676 524 743 erimina
546 678 602 763 rei,
625 672 679 761 qui
703 678 850 743 eratione
872 675 1138 763 perstringendus
1162 684 1220 743 est.

289 786 349 865 §2
360 788 531 872 τοσαῦτην
544 789 609 870 γὰρ
625 784 777 873 ἀφθονίαν
878 786 927 869 14,
940 786 990 849 ls.
1000 794 1162 850 τοιοῦτον
1174 788 1231 869 γὰρ
1239 786 1365 871 πολίτην

247 895 468 976 παρεσνιεῦασεν
491 889 511 978 ἡ
534 895 642 959 τοῦτον
666 892 777 979 ἀρετή·
832 892 937 958 eaeor
958 891 991 963 ἐξ
1014 890 1115 978 ἀρχῆς
1136 897 1295 977 παρέσχεν,

246 996 337 1063 dore
361 1034 399 1045 -
830 997 923 1065 ὥστε
946 1034 985 1046 -

247 1102 326 1170 οίιτε
348 1109 414 1191 γὰρ
436 1116 492 1191 γῆς
514 1104 630 1191 ἄπειροι
831 1104 870 1171 οῦ
892 1110 958 1190 γὰρ
981 1108 1074 1191 μιαρὰ
1100 1108 1140 1169 τὰ
1162 1103 1365 1191 ἁμαρτήματα

248 1209 328 1279 σ’ῦιε
350 1214 512 1298 θαλάσσης
535 1209 682 1299 οὐδεμιᾶς,
832 1210 910 1279 οῦδὲ
932 1217 1110 1299 συγγνώμης
1131 1210 1294 1284 ἄξια-ἀλλ’

247 1328 425 1406 πανταχοῦ
448 1322 480 1385 δὲ
501 1326 561 1385 καί
583 1324 666 1405 παρὰ
830 1316 924 1385 οῦτοι
945 1324 1136 1405 πεπραγμένα
1157 1322 1219 1383 καὶ
1240 1316 1284 1391 είς

247 1438 354 1492 πᾶσιν
377 1426 547 1511 ἀνθρώποις
569 1424 597 1491 οί
618 1430 658 1492 τὰ
681 1423 777 1493 αίιιῦν
831 1426 1108 1499 τοσοῦτοιιααίας
1122 1424 1278 1514 ἀφιγμένα,
1292 1423 1365 1491 ὥστ’

292 1537 510 1607 πενθοῦντες
532 1538 615 1599 κακὰ
637 1537 692 1607 τὰς
706 1539 777 1601 τοῦ·
875 1530 921 1598 ἐπ’
946 1533 1036 1605 ἐνίοις
1058 1531 1101 1600 ὧν
1124 1529 1210 1605 οὗτος
1226 1535 1363 1619 φιλοτι-

177 1651 181 1661 ’
291 1663 348 1709 τιον
372 1639 480 1727 ἀρετὰς
502 1637 710 1728 ὑμνοῦσινί)
877 1636 1363 1727 μεῖταιτοὺςέχῦροῦςαίσχῦ-

876 1750 1015 1813 raedae

313 1854 351 1919 Iu
373 1854 475 1939 primo
499 1854 606 1940 eapite
629 1874 681 1921 res
705 1855 747 1921 ab
761 1854 979 1920 Amazonibus
1002 1859 1117 1938 gestae
1130 1852 1364 1920 oonoluduntur

248 1960 465 2047 desoriptioue
488 1962 598 2028 miseri
613 1982 723 2028 earum
746 1962 861 2047 exitus,
885 1981 970 2045 quae
983 1960 1177 2045 gravitatem
1199 1981 1240 2026 ne
1256 1960 1363 2027 dioam

248 2067 390 2135 dolorem
427 2068 587 2152 quendam
623 2068 780 2154 exprimit
835 2070 938 2135 Totus
974 2067 1027 2133 bio
1062 2067 1153 2135 loeus
1189 2067 1363 2135 admodum

247 2175 432 2268 memoriam
457 2178 592 2245 suseitat
614 2177 724 2261 gravis
746 2176 835 2242 illius
857 2174 1073 2261 perorationis
1096 2174 1138 2240 de
1161 2174 1361 2242 faeinoribns

248 2283 467 2351 Theramenis.
481 2283 545 2351 Sed
558 2282 639 2350 haee
654 2282 831 2350 similitudo
846 2284 880 2349 in
894 2282 1002 2351 verbis
1016 2282 1099 2368 ipsis
1109 2282 1234 2349 eulmen
1247 2282 1360 2350 babet:

249 2394 304 2472 §6
323 2388 413 2457 αὐτοῦ
436 2396 492 2477 γὰρ
515 2392 765 2458 ἀποθανοῦσαι
787 2397 848 2457 καὶ
870 2394 995 2458 δοῦσαι
1018 2392 1121 2477 δίκην
1143 2403 1199 2477 της
1223 2390 1360 2470 ἀνοίας,

252 2501 301 2583 12,
318 2500 357 2565 78
381 2496 438 2587 οῦχ
460 2495 531 2584 ὑπὲρ
554 2496 635 2586 ὑμῶν
659 2499 908 2572 ἀποθανόντος
929 2498 974 2582 Θ,
998 2497 1064 2562 ἀλλ’
1084 2494 1156 2582 ὑπὲρ
1178 2510 1234 2585 της
1257 2498 1362 2564 ἑαυτοῦ

249 2606 422 2693 πονηρίας
444 2610 504 2671 καί
519 2644 534 2657 -
549 2607 654 2691 δίκην
677 2609 812 2678 δόντος.
845 2606 990 2689 Utraque
1003 2604 1117 2670 harum
1131 2606 1363 2671 sententiarum

250 2711 456 2795 singulariter
486 2712 519 2777 in
552 2732 609 2779 suo
642 2731 761 2796 genere
791 2711 919 2778 videtur
956 2732 1029 2779 esse
1062 2712 1165 2797 elata,
1201 2716 1300 2796 atque
1331 2713 1360 2778 si

252 2818 542 2886 Rauobensteiniua
574 2819 663 2885 illum
699 2820 836 2886 alterum
870 2820 976 2885 looum
1006 2817 1149 2884 terribile
1185 2818 1363 2905 appellarit

250 2925 390 3009 elogium
422 2926 632 2993 Theramenis
671 2925 817 3011 sepuloro
853 2926 1061 3011 inscriptum,
1095 2926 1178 2991 haee
1204 2925 1362 3013 epitaphii

252 3032 410 3099 sententia
439 3033 579 3117 elogium
605 3053 681 3100 vere
710 3034 894 3100 miserabile
923 3032 988 3099 diei
1015 3039 1124 3119 potest
1145 3033 1362 3099 Amazonibus

251 3140 284 3205 in
313 3139 460 3225 sepuloro
489 3140 651 3226 seriptum.
699 3138 827 3226 Quippe
855 3141 939 3207 enim
965 3139 1024 3205 illa
1046 3140 1215 3207 verborum
1241 3140 1361 3205 iunetio

251 3266 351 3331 grave
374 3246 528 3330 quiddam
550 3247 648 3313 babet
661 3248 855 3331 nimiumque
868 3253 1022 3331 quantum
1044 3246 1088 3313 ad
1101 3246 1362 3333 amplificandum

250 3354 346 3439 valet,
369 3353 408 3419 of.
425 3356 476 3439 28,
495 3360 509 3419 1
528 3356 672 3427 πολλάκις
696 3355 891 3422 ἀποθανὼν
914 3357 1036 3421 δοῦναι
1059 3356 1162 3442 δίκην
1185 3353 1281 3427 ἀξίαν.
1319 3355 1363 3421 Ut

251 3466 358 3526 autem
380 3460 468 3526 faeta
490 3459 653 3527 bominum
675 3481 772 3545 quarn
794 3460 968 3529 fortissime
990 3468 1080 3529 notet
1102 3469 1201 3546 atque
1222 3462 1362 3528 illustret

252 3575 366 3642 orator,
391 3588 454 3651 quo
469 3567 590 3651 ingenii
614 3574 664 3635 est
677 3570 833 3655 eoumine,
855 3589 975 3654 magna
989 3590 1062 3635 oum
1074 3568 1203 3636 dioendi
1218 3569 1363 3636 sollertia

253 3682 285 3741 et
308 3674 447 3742 utilitate
470 3676 710 3761 comparatione
733 3676 833 3743 utitur
855 3697 927 3742 eum
945 3676 1094 3763 personis
1115 3677 1169 3743 vel
1190 3677 1300 3761 rebus,
1318 3675 1363 3743 ad

252 3802 333 3867 quas
356 3781 479 3865 aliquid
501 3783 695 3849 eontrarium
718 3784 865 3869 pertinet,
888 3783 976 3850 velut
998 3783 1065 3850 fere
1092 3787 1140 3869 12,
1163 3784 1216 3868 36,
1238 3785 1291 3868 63,
1308 3786 1361 3850 81.

252 3892 304 3974 28,
339 3891 388 3955 14.
429 3890 481 3974 30,
512 3892 564 3957 28
605 3892 657 3974 31,
685 3892 736 3958 29.
794 3890 916 3956 Multae
958 3889 1087 3974 quidem
1127 3909 1207 3956 sene
1250 3890 1364 3955 talium

253 4016 358 4064 rerum
389 4003 464 4063 sunt
495 3997 632 4063 aoerbae
658 3998 817 4065 irrisionis
839 3997 1038 4065 effioiendae.
1081 3997 1125 4063 At
1147 3998 1176 4064 si
1198 4017 1363 4083 eompara-

251 4102 349 4171 tionis
382 4108 401 4185 ξ
428 4106 467 4171 16
500 4104 693 4171 sententiam
716 4112 846 4191 speetas
867 4105 982 4191 ipsam,
1013 4124 1118 4170 nonne
1140 4124 1213 4170 eam
1248 4107 1362 4189 14,18

253 4210 346 4295 quasi
379 4209 548 4277 disiectam
580 4218 677 4296 atque
709 4213 742 4278 in
774 4213 932 4299 triplioem
964 4212 1126 4298 quandam
1157 4212 1362 4279 oollationem

206 4350 207 4353 ’
326 4352 346 4421 ²)
365 4352 524 4418 Simonides,
552 4352 619 4422 Pug.
648 4372 691 4423 ap.
720 4356 824 4409 Artem.
850 4373 877 4409 v.
901 4358 917 4411 3
943 4356 1057 4424 (Bergk,
1085 4356 1159 4410 Poet-
1182 4355 1233 4424 lyr.
1257 4354 1304 4409 Gr.
1322 4354 1363 4407 ΠΙ

252 4460 278 4511 p.
298 4440 373 4510 383)=
393 4439 406 4491 ὁ
425 4438 447 4493 δ’
465 4433 547 4501 odero:
566 4438 671 4502 ἔπαινος.
