3034 5067
692 414 732 479 at

150 608 527 693 argumentationemque
551 607 721 675 dilatatam
745 628 819 675 esse
834 607 1088 675 animadvertis?
1122 608 1269 693 insignia

151 714 239 781 enirn
263 713 470 799 comparandi
494 721 655 781 momenta
677 716 847 799 utrubique
870 713 921 781 his
933 714 1043 781 verbis
1066 715 1155 782 elata
1176 723 1266 781 sunt:

150 825 173 902 ἓ
198 823 240 889 16
264 818 516 908 εὐτυχέστεροι
539 823 674 903 ἐγένοντο
693 858 735 869 -
759 823 866 908 καίπερ
889 820 932 888 ὢν
955 821 1107 903 ἀγαθῶν
1129 824 1269 889 πολλῶν

151 927 248 1002 αἴτιος
281 927 414 995 ἅπασιν
446 928 616 1014 ἀνθρώποις
647 964 690 977 -
721 930 857 1016 ἐχθρὸν
887 929 960 996 ὄντα
991 932 1269 1016 τιμωρήσασθαι

153 1037 222 1120 (15,
248 1038 288 1101 12
311 1037 335 1101 t
355 1034 381 1101 ὀ.
406 1041 461 1114 τ.);
488 1039 538 1121 ld,
554 1039 684 1105 18-20
706 1034 802 1111 advo<
823 1034 988 1125 εὐτυχεῖς
1008 1035 1083 1103 εἶναι
1109 1074 1143 1085 -
1170 1038 1269 1103 καίτοι

150 1143 289 1207 πολλαὶ
317 1146 373 1226 (so.
405 1142 551 1228 dipersi)
582 1148 634 1209 καὶ
666 1147 794 1231 μεγάλαι
823 1149 876 1210 καὶ
902 1141 974 1229 ὑπὲρ
1005 1143 1175 1211 ἁπάντων
1206 1153 1268 1211 τῶν

148 1247 305 1335 Ἑλλήνων
336 1255 472 1333 γεγόνασι
499 1286 533 1297 -
561 1254 817 1338 τιμωροὺμενοι
852 1253 922 1323 τοὺς
952 1252 1124 1338 epipeda
1176 1250 1267 1317 Gom·

151 1355 316 1441 parationi
340 1356 454 1423 similis
482 1366 532 1423 est
554 1359 804 1442 argumentatio,
837 1377 902 1441 qua
928 1377 969 1423 ex
995 1357 1117 1424 minore
1143 1357 1268 1441 aliquid
1321 1349 1323 1353 ’

152 1462 259 1529 maius
285 1462 338 1529 vel
365 1469 477 1529 eontra
500 1463 670 1547 colligitur.
714 1464 821 1548 Atque
848 1464 909 1531 hoo
938 1463 1034 1530 modo
1061 1464 1139 1531 belli
1165 1464 1268 1531 virtus

154 1570 202 1635 sie
226 1572 246 1651 ξ
270 1570 312 1637 65
336 1570 513 1636 affirmatur
539 1570 583 1637 ad
606 1570 837 1656 extollendum,
864 1577 899 1638 ut
925 1574 973 1656 14,
1001 1573 1044 1639 36
1072 1570 1115 1636 ad
1143 1572 1265 1639 ohtreo-

154 1675 288 1741 tandum
301 1684 446 1761 negatur.
490 1678 602 1763 Longe
617 1678 707 1745 aliud
721 1677 884 1763 quoddam
899 1677 1118 1745 ornamentum
1137 1677 1266 1745 dicendi

154 1784 247 1864 §45
275 1782 455 1851 adhibitum
482 1792 544 1870 est,
576 1785 663 1869 quod
691 1785 735 1853 ad
762 1786 904 1871 speeiem
930 1784 1020 1850 illam
1049 1785 1267 1871 simplieitatis

154 1890 319 1975 Lysianae
345 1890 434 1957 hand
460 1913 573 1977 pamm
600 1892 701 1959 affert
748 1893 811 1958 Vix
839 1892 924 1959 enim
946 1891 1017 1957 fieri
1039 1892 1158 1977 potuit,
1190 1893 1267 1976 quin

154 1996 208 2062 hie
231 2003 339 2063 orator
353 1998 432 2065 salis
446 1998 707 2085 iaoetiarumque,
730 2001 846 2084 quihus
861 2006 987 2067 oeteras
1010 1999 1173 2080 orationes
1195 2020 1266 2085 per·

155 2124 313 2189 spargens
349 2112 415 2173 tam
452 2107 593 2175 suaviter
630 2107 772 2175 deleetat
807 2114 906 2192 atque
937 2106 1079 2173 Siculam
1110 2106 1267 2191 originem

155 2233 248 2279 snam
261 2199 471 2298 naturamque
486 2213 639 2300 deelarat,
662 2215 695 2281 in
710 2214 876 2301 epitaphio
891 2234 1017 2299 quoque
1039 2234 1136 2281 unum
1151 2214 1267 2281 saltem

155 2320 283 2403 signum
306 2319 408 2388 daret.
452 2320 500 2388 Ae
526 2341 628 2406 genus
658 2321 820 2406 quoddam
847 2321 971 2388 ironiae
998 2322 1127 2389 exsistit
1153 2343 1174 2387 a
1197 2320 1266 2388 loro

154 2425 339 2511 iudicioque
365 2448 429 2493 non
456 2428 609 2514 alienum,
642 2429 670 2495 si
702 2428 780 2513 quid
810 2450 869 2514 per
896 2428 1185 2496 dissimulationem
1215 2429 1268 2495 vel

153 2553 212 2619 per
243 2533 497 2618 indignationem
533 2535 717 2603 oonoeditur
748 2555 1000 2620 concessumque
1035 2536 1166 2602 notione
1198 2536 1265 2600 uni·

154 2639 319 2707 versitatis
343 2648 567 2727 exaggeratur,
599 2642 695 2709 Velut
721 2645 770 2728 10,
794 2646 835 2710 21
859 2663 943 2728 reus,
966 2642 1030 2729 qui,
1053 2642 1139 2728 quod
1154 2641 1267 2709 adver·

155 2747 276 2813 sarium
290 2748 410 2815 abieoti
424 2748 520 2835 elipei
535 2749 741 2835 insimulavit,
764 2749 836 2835 ipse
850 2751 892 2816 ab
906 2749 967 2816 hoo
981 2750 1126 2834 arguitur
1139 2757 1267 2835 patrem

155 2874 248 2921 suum
279 2854 493 2941 interfecisse,
523 2858 677 2942 pietatem
712 2877 805 2923 suam
836 2856 1166 2942 indignationemque,
1203 2876 1268 2940 qua

155 2963 291 3047 exarsit,
323 2983 361 3029 eo
393 2962 494 3041 levat,
527 2963 613 3047 quod
641 2963 859 3049 superlatione
890 2984 969 3031 usus
997 2963 1076 3031 dieit
1108 2983 1144 3030 se
1169 2963 1268 3031 malle

154 3074 256 3143 πάσας
268 3074 324 3143 τὰς
338 3068 465 3144 ἀσπίδας
478 3070 640 3137 abiecisse
662 3092 759 3155 quam
780 3072 815 3135 in
836 3070 895 3137 tali
919 3070 1006 3136 lama
1028 3070 1070 3136 de
1092 3076 1186 3156 patre
1208 3090 1267 3137 suo

155 3196 238 3243 esse.
283 3177 405 3243 Eodem
436 3178 536 3263 igitur
566 3177 661 3244 modo
693 3178 749 3244 illo
782 3177 938 3264 epitaphii
969 3179 1041 3243 loeo
1074 3176 1167 3244 ethos
1197 3198 1267 3263 per·

155 3303 306 3350 sonarum
330 3285 424 3368 quasi
447 3286 590 3371 erumpit.
642 3285 722 3353 Gum
745 3285 829 3353 enim
851 3305 962 3371 pugna
984 3284 1042 3351 illa
1064 3284 1152 3371 apud
1175 3284 1267 3351 Sala·

154 3392 243 3458 mina
257 3393 427 3460 commissa
441 3393 668 3479 Peloponnesii
683 3393 733 3460 sui
749 3392 945 3461 defendendi
959 3413 1061 3460 eausa
1083 3392 1119 3458 id
1133 3392 1266 3478 agitent,

155 3506 192 3566 ut
213 3499 368 3567 Isthmum
390 3501 614 3587 eommuniant,
636 3501 852 3567 Athenienses
875 3500 916 3567 de
938 3500 1001 3566 hae
1023 3521 1059 3567 re
1081 3498 1130 3566 ira
1143 3499 1267 3566 ineeusi

155 3607 197 3673 iis
214 3606 360 3693 suadent,
379 3614 414 3673 ut
430 3607 549 3675 ἅπασαν
564 3608 821 3694 Peloponnesum
836 3595 926 3673 muro
942 3606 1147 3673 eiroumdent
1183 3606 1268 3675 Nam

157 3714 186 3781 si
213 3714 303 3799 ipsos
330 3714 560 3800 imperiumque
588 3714 781 3781 maritimum
816 3714 887 3798 regi
918 3714 1089 3779 Persarum
1116 3714 1267 3799 permise-

155 3820 228 3906 rint,
252 3820 293 3887 de
316 3821 455 3889 Graeeia
478 3829 585 3889 aetum
599 3822 676 3889 iore.
712 3822 751 3886 Iu
773 3820 1032 3907 ampitheatione,
1055 3826 1091 3886 nt
1113 3820 1176 3886 hue
1197 3820 1266 3886 ani·

156 3948 242 3994 mum
268 3928 481 4015 intendamus,
507 3930 625 4015 Lysias
653 3949 847 4014 quamquam
878 3948 937 4013 pro
970 3948 1030 3993 soa
1058 3927 1266 4013 simplicitate

156 4034 288 4101 inferior
320 4042 379 4120 est,
415 4042 522 4103 tamen
554 4035 816 4121 exaggerationis
849 4054 966 4119 genere
998 4053 1076 4101 usus
1108 4040 1167 4119 est,
1204 4054 1266 4118 quo

156 4142 270 4209 mirum
292 4163 389 4227 quam
411 4144 558 4211 sollerter
580 4151 613 4209 et
635 4144 744 4209 utliter
766 4163 828 4228 res,
851 4162 933 4226 quas
954 4140 1113 4226 narravit,
1142 4140 1267 4208 extollit

157 4250 372 4335 eomplurihus
408 4251 515 4318 verbis
550 4251 635 4318 binis
675 4252 767 4319 iuxta
807 4250 994 4336 oompositis
1031 4269 1089 4316 eas
1125 4268 1266 4333 oompre

155 4355 373 4441 prehendens:
407 4361 489 4440 §47
525 4361 624 4432 δόντες
655 4361 779 4446 ἔλεγχον
816 4370 870 4445 τῆς
902 4356 1015 4424 ἑαυτῶν
1047 4355 1176 4443 ἀρετῆς
1206 4360 1267 4421 καὶ

159 4472 241 4553 μόνοι
271 4469 332 4531 καὶ
364 4462 435 4551 μεθ’
464 4466 569 4551 ἐτέρων
600 4471 660 4531 καὶ
688 4470 929 4553 πεζομαχοῦντες
959 4468 1266 4550 animaequiores
