3034 5067
776 425 821 489 30

245 616 541 699 1111131111
569 622 636 704 γὰρ
668 617 710 683 ἂν
742 615 845 690 adroic
874 621 1112 704 χαλεπώτερον
1148 622 1285 684 rubros
1306 617 1358 705 ἢ·

246 728 373 812 μὲν-δέ,
399 728 427 807 ’1,
451 727 493 791 39
516 724 586 810 ὅσῳ
609 730 892 811 qap-roccum),
916 723 956 790 of.
979 728 1032 805 34,
1056 728 1087 793 8.

311 833 478 901 Peroratio
522 831 678 918 epitaphii
715 832 867 918 incipitur
899 832 1098 899 transitionis
1130 832 1267 898 formula
1297 830 1360 896 hoc

245 940 315 1025 ipso
352 939 527 1025 praecipue
560 938 715 1006 orationis
747 939 819 1004 loco
851 938 939 1023 apud
971 939 1103 1023 Lysiam
1134 938 1357 1005 usitatissima.

244 1047 327 1115 Nam
349 1053 519 1132 praeterea
550 1052 705 1131 usurpata
733 1048 836 1130 1117,
860 1047 912 1112 42.
949 1047 998 1129 10,
1022 1048 1073 1111 31.
1122 1048 1170 1130 12,
1194 1047 1245 1130 31,
1278 1044 1359 1128 (611

247 1156 298 1233 16,
322 1157 351 1219 9.
383 1156 435 1233 22,
461 1156 512 1221 22.
559 1152 624 1218 Sed
645 1152 706 1218 boc
729 1152 834 1218 minus
857 1151 934 1217 mihi
961 1151 1075 1217 mirum
1101 1150 1230 1217 videtur
1257 1171 1357 1235 qnam

246 1259 332 1344 quod
345 1260 494 1326 continuo
510 1259 606 1325 simili
621 1260 851 1326 sententiarum
869 1257 981 1324 ordine
995 1258 1173 1342 eademque
1186 1259 1356 1325 vorborum

245 1367 349 1451 figura
371 1367 516 1453 pergitur
538 1372 635 1449 atque
657 1366 729 1451 pari
752 1366 824 1432 loco
846 1366 880 1430 in
902 1386 947 1431 or.
970 1367 1028 1431 24:
1051 1367 1129 1445 §il
1153 1362 1269 1429 Ἀλλὰ
1292 1369 1357 1450 γὰρ

246 1472 563 1540 absolutura
593 1471 706 1539 τοιαῦτ’
739 1472 952 1561 ὀλοφὸρεσθαι.
985 1470 1021 1539 cb
1056 1477 1122 1559 γὰρ
1151 1474 1386 1559 ἐλανθάνομεν,

245 1579 327 1668 ἡμᾶς
357 1578 466 1653 αὐτοὺς
497 1580 584 1654 ὄντες
614 1582 733 1668 θνητοί.
767 1579 845 1646 ὥστε
873 1587 905 1646 τί
940 1580 1202 1667 ter-uyueouac
1240 1582 1292 1663 24,
1315 1581 1356 1645 21

246 1685 358 1753 Ἀλλὰ
380 1692 447 1773 γὰρ
471 1684 534 1753 oba
557 1684 620 1753 οἶδ’
649 1686 666 1752 b
693 1710 727 1752 rr
756 1685 1093 1775 δεῖ-με-ἐνοχλεῐν-εἰ
1115 1691 1180 1772 γὰρ
1203 1684 1273 1771 ὑπὲρ
1296 1695 1358 1752 τῶν

246 1796 391 1882 μεγίστων
413 1794 528 1882 εἴρηκα,
547 1795 582 1861 τί
604 1796 878 1876 δεῖ-σπουδάζειν,
901 1794 973 1859 Hoc
985 1793 1084 1877 igitur
1096 1793 1193 1858 modo
1209 1793 1359 1860 consola·

245 1901 332 1968 tione
341 1901 488 1968 instituta
504 1908 601 1986 atque
615 1901 736 1967 maiore
750 1899 906 1967 facultate
920 1908 953 1967 et
968 1902 1063 1986 copia
1076 1902 1209 1968 liberius
1225 1900 1355 1967 dicendi

245 2016 435 2094 recuperata
459 2016 567 2076 orator
590 2009 683 2093 quasi
706 2008 812 2075 denuo
830 2008 958 2075 videtur
972 2008 1143 2075 ostendere
1164 2010 1256 2095 velle,
1279 2006 1359 2092 quid

245 2117 279 2181 in
310 2116 479 2183 verborum
511 2115 721 2182 consonantia
749 2115 900 2201 cultuque
927 2117 1161 2203 pigmentorum
1190 2122 1359 2202 praestare

246 2224 360 2308 possit.
405 2224 518 2307 Neque
550 2244 626 2290 vero
654 2221 715 2288 hoe
743 2244 764 2287 a
791 2224 893 2308 Lysia
920 2223 1053 2307 eiusque
1078 2223 1205 2289 ratione
1232 2224 1359 2288 omnino

247 2330 387 2397 alienum
410 2336 468 2397 est.
517 2330 554 2394 In
586 2332 625 2397 18
654 2329 784 2413 quidem
810 2330 956 2395 oratione
984 2350 1042 2415 pro
1069 2330 1183 2398 Niciae
1211 2330 1359 2414 cognatis

246 2436 375 2523 scripta,
399 2438 449 2503 cui
471 2437 524 2503 hic
539 2444 647 2503 orator
669 2438 738 2504 sive
761 2437 923 2521 gravitate
945 2456 1066 2503 causae
1088 2444 1265 2503 commotus
1289 2436 1359 2503 sive

245 2549 355 2609 vetere
378 2544 517 2628 quodam
546 2544 653 2611 studio
680 2542 769 2611 illius
801 2544 893 2611 ducis
926 2544 1041 2611 ductus
1073 2543 1358 2609 demonstrativum

246 2649 406 2733 quendam
438 2672 550 2717 sonum
582 2650 718 2737 addidit,
750 2652 827 2717 item
854 2652 888 2717 in
910 2651 1040 2736 epilogo
1064 2650 1097 2716 in
1119 2650 1275 2715 maiorum
1296 2642 1358 2715 virss

245 2758 367 2824 tutibus
389 2758 562 2825 laudandis
586 2764 683 2842 atque
706 2756 912 2843 appellandis
934 2778 992 2843 pro
1015 2764 1088 2823 rata
1103 2763 1197 2842 parte
1211 2756 1356 2841 aliquan-

244 2871 312 2930 tum
335 2866 477 2949 assurgit
501 2865 721 2949 similibusque
753 2864 928 2948 figurarum
959 2864 1154 2930 ornamentis
1185 2863 1358 2929 dictionem

246 2972 424 3057 distinguit.
469 2974 506 3038 ln
529 2981 664 3058 utraque
691 2993 769 3039 vcro
797 2974 942 3038 oratione
964 2992 1022 3058 pro
1049 2972 1096 3039 rei
1123 2977 1240 3036 natura
1265 2990 1356 3055 pero·
1449 3020 1452 3024 .

246 3081 328 3146 ratio
352 3079 552 3146 concluditur
579 3079 804 3166 polysyndeto,
835 3078 921 3163 quod
948 3079 1058 3163 utique
1087 3098 1152 3144 non
1185 3097 1357 3163 possumus

246 3185 354 3253 iacere
387 3186 462 3270 quin
496 3186 729 3254 exscribamus:
769 3188 852 3266 §81
886 3187 954 3269 ἐγὼ
982 3191 1043 3273 μὲν
1070 3182 1131 3250 οὖν
1159 3182 1266 3259 αὐτοὺς
1295 3188 1357 3249 καὶ

246 3300 399 3381 μακαρίζω
430 3304 483 3358 τοῦ
514 3299 649 3359 θανάτου
676 3298 739 3357 καὶ
775 3294 855 3380 ζηλῶ
885 3291 1101 3379 καὶ-οἶμαι,
1135 3295 1184 3377 18,
1216 3294 1258 3358 27
1290 3292 1356 3375 ἐγὼ

245 3406 309 3487 μὲν
338 3397 397 3466 οὖν
424 3405 485 3464 καὶ
512 3402 614 3487 δέομαι
642 3404 702 3465 καὶ
731 3398 878 3483 ἀντιβολῶ
909 3404 972 3464 καὶ
1003 3398 1125 3464 iactabo
1155 3398 1355 3471 καὶ-ἀξιῶ.

245 3508 358 3591 Neque
389 3505 471 3572 illud
502 3508 561 3591 ἐγὼ
594 3512 646 3595 μὲν
677 3502 730 3573 οὖν
763 3505 824 3572 hoc
852 3504 979 3589 quidem
1007 3506 1173 3589 utriusque
1201 3504 1356 3571 orationis

245 3614 316 3679 loco
344 3612 426 3680 forte
455 3613 583 3681 fortuna
609 3613 737 3681 videtur
764 3633 837 3679 esse
863 3613 1012 3698 positum.
1064 3612 1246 3698 Usurpatur
1273 3612 1356 3677 enim

245 3721 360 3787 eadem
382 3721 450 3787 fere
463 3722 587 3788 ratione
601 3722 635 3786 in
649 3720 778 3807 epilogo
803 3725 831 3805 l,
853 3722 906 3786 41.
932 3723 981 3805 14,
1004 3722 1055 3787 46.
1082 3720 1131 3804 15,
1158 3722 1206 3785 12.
1235 3721 1282 3797 18,
1304 3720 1356 3784 21.

245 3831 297 3907 21,
322 3830 374 3897 22.
399 3831 451 3914 28,
476 3832 526 3896 16.
550 3830 602 3908 29,
629 3831 678 3895 14.
723 3828 775 3893 Er.
799 3829 896 3894 2341.

310 3935 355 4001 Ut
377 3936 442 4001 iam
465 3935 571 4019 magis
595 3934 772 4018 generatim
795 3933 837 4001 de
851 3934 1081 4019 compositione
1096 3932 1240 3999 dieamus
1259 3938 1356 4015 atque

245 4041 366 4107 nudam
388 4042 593 4127 periodorum
616 4048 808 4108 structuram
832 4060 1010 4125 sequamur,
1032 4060 1096 4105 non
1114 4039 1255 4105 alienum
1268 4039 1356 4104 vide-

244 4156 296 4215 tur
325 4169 398 4216 esse
426 4150 561 4235 primum
588 4148 762 4234 inquirere,
790 4148 905 4232 quibus
935 4148 1149 4214 iunctionibus
1181 4152 1278 4229 atque
1309 4146 1355 4210 in-

249 4257 468 4341 gressionibus
491 4257 525 4321 in
549 4256 718 4323 sententiis
741 4255 902 4323 struendis
925 4254 1161 4339 iungendisque
1182 4254 1300 4339 Lysias
1322 4253 1356 4317 in

249 4363 413 4453 epitaphio
437 4384 514 4430 usus
538 4364 588 4429 sit.
633 4363 705 4430 Non
719 4383 782 4446 quo
805 4382 946 4428 nonuna
959 4362 1103 4429 alterave
1126 4382 1235 4428 earum
1259 4362 1356 4427 etiam

248 4470 335 4554 apud
372 4469 455 4537 alios
491 4470 664 4555 scriptores
700 4469 895 4549 inveniatur,
932 4469 990 4536 sed
1022 4489 1133 4536 omnes
1167 4468 1201 4533 in
1232 4488 1356 4533 summa
