3034 5067
814 434 836 499 4

268 625 365 712 plane
391 625 426 695 in
452 626 670 695 controversia
697 614 852 695 iersatnr.
896 629 980 697 Nam
1006 627 1212 695 manifestum
1243 634 1295 695 est
1321 635 1379 696 aut

268 734 444 801 Isocratem
475 734 509 799 in
535 733 597 800 hac
629 754 689 801 sua
718 736 864 801 oratione
892 734 1114 820 componenda
1145 755 1185 800 ex
1213 735 1378 820 epitaphio

268 846 377 906 nostro
400 840 549 908 hausisse
572 847 628 907 aut
650 840 744 908 huius
759 848 931 927 auctorem,
955 842 1101 925 quisquis
1124 848 1182 927 est,
1205 842 1378 927 panegyri-

269 967 340 1013 cum
354 948 564 1032 excerpsisse,
587 948 649 1014 nisi
663 947 746 1014 forte
759 956 911 1033 putamus
924 955 1092 1032 utrumque
1107 955 1266 1015 oratorem
1283 948 1379 1015 nnius

269 1060 301 1119 et
324 1054 467 1121 eiusdem
490 1054 574 1125 alius
597 1054 762 1140 scriptoris
785 1056 904 1123 scrinia
926 1055 1162 1140 compilavisse.
1199 1056 1313 1140 ltaque
1337 1077 1378 1122 ex

267 1161 330 1227 hac
352 1180 478 1245 quoque
501 1160 595 1227 huius
619 1162 819 1245 quaestionis
835 1162 1048 1245 ambiguitate
1070 1162 1115 1227 ad
1137 1182 1230 1229 sunm
1251 1162 1379 1245 utrique

268 1274 445 1335 sectatores
469 1268 676 1354 commodum,
698 1276 794 1354 prout
817 1268 858 1336 de
882 1269 1048 1355 epitaphio
1072 1269 1224 1353 sentiunt,
1247 1270 1380 1354 capiunt

267 1374 412 1442 fructum.
458 1373 577 1467 Contra
599 1374 702 1441 minus
725 1376 849 1441 incerta
871 1381 904 1441 et
926 1377 1063 1442 obscura
1087 1383 1137 1442 est
1159 1375 1376 1461 necessitudo,

268 1500 362 1563 quam
376 1468 497 1565 Lysiae
515 1481 699 1567 epitaphius
722 1502 795 1547 cum
817 1481 963 1548 eiusdem
976 1482 1114 1549 oratoris
1128 1483 1248 1549 crotico
1271 1482 1378 1549 habet.

268 1586 347 1653 Cum
370 1587 454 1654 enim
477 1586 518 1653 de
540 1588 636 1654 huius
658 1589 879 1655 oratiunculae
903 1588 1027 1673 origine
1042 1589 1185 1674 Lysiaca
1207 1589 1272 1655 iam
1295 1589 1378 1655 satis

267 1700 354 1761 certe
368 1700 517 1761 constare
530 1694 686 1780 videatur,
693 1693 718 1783 ¹)
742 1694 893 1779 quoniam
915 1695 958 1761 ad
977 1716 1080 1779 genus
1094 1695 1378 1763 demonstrativum

266 1822 368 1887 prope
394 1800 529 1887 accedit,
562 1802 681 1888 optimo
712 1801 783 1867 inre
814 1823 855 1869 ex
883 1801 953 1869 cius
981 1803 1213 1889 compositione
1244 1802 1378 1870 deiide

267 1908 424 1993 epitaphii
445 1908 630 1974 ratiocinari
655 1907 817 1975 debemus.
861 1910 956 1975 Certe
977 1908 1041 1975 hae
1059 1910 1221 1976 orationes
1240 1909 1377 1976 invicem

267 2014 329 2081 sibi
350 2014 483 2100 Lysiam
507 2012 669 2081 auctorem
692 2015 828 2082 fulciunt
849 2022 948 2100 atque
970 2022 1112 2103 tuentur,
1136 2016 1296 2100 siqnidem
1318 2017 1376 2081 ali-

267 2140 376 2208 quam,
408 2142 626 2206 quaecumque
660 2121 715 2202 sit,
747 2122 902 2189 maiorem
935 2122 1174 2190 similitudinem
1205 2124 1289 2190 inter
1321 2143 1379 2189 eas

265 2226 465 2294 intercedere
492 2228 619 2295 ostendi
645 2235 763 2314 potest.
808 2228 875 2295 Sed
901 2236 973 2295 utut
1000 2231 1112 2297 erotioi
1139 2229 1269 2314 quidem
1295 2231 1377 2295 ratio

267 2354 303 2401 se
317 2335 424 2420 habet,
447 2334 593 2418 quamvis
617 2334 658 2401 de
672 2334 810 2401 veritate
824 2343 1091 2423 argumentorum,
1115 2358 1199 2421 quae
1221 2336 1378 2423 imprimis

266 2441 434 2508 Lebeauus
468 2462 508 2509 ex
535 2442 681 2508 omnibus
715 2441 781 2508 illis
810 2442 940 2528 scriptis
972 2442 1016 2509 ad
1043 2442 1243 2529 epitaphium
1270 2443 1378 2510 defen-

266 2547 405 2615 dendum
427 2548 547 2634 attulit,
569 2547 648 2613 mihi
670 2548 733 2633 ipsi
755 2569 947 2633 persuasum
970 2550 1024 2636 sit,
1049 2557 1158 2617 tamen
1181 2549 1322 2617 concedo
1345 2551 1379 2615 in

265 2654 307 2722 iis
339 2654 502 2738 acquiesci
533 2675 597 2720 non
623 2674 731 2740 posse,
763 2655 840 2739 qnia
872 2675 936 2721 non
967 2656 1001 2722 in
1033 2656 1250 2724 fundamentis
1281 2657 1379 2743 plane

265 2760 366 2828 firmis
387 2762 504 2848 posita,
528 2767 614 2828 certe
637 2782 701 2828 non
723 2762 772 2827 ita
793 2762 916 2828 munita
940 2769 1023 2849 sunt,
1046 2770 1168 2830 utnon
1190 2764 1378 2831 adversario

267 2890 307 2935 ex
330 2868 439 2953 aliqua
461 2875 554 2954 parte
576 2869 663 2935 latus
685 2870 872 2955 praebeant.
917 2870 1018 2935 Immo
1037 2891 1114 2938 vero
1138 2871 1220 2938 satis
1242 2877 1379 2957 apparet

266 2976 324 3041 illa
347 2976 468 3061 scripta
489 2974 608 3061 partim
636 2975 710 3061 ipsa
733 2975 1006 3043 confirmationem
1035 2998 1114 3044 suae
1142 2978 1219 3045 tidei
1242 2977 1379 3044 auctori-

266 3083 409 3168 tatisque
432 3081 654 3149 desiderarere
677 3102 781 3167 neque
805 3104 877 3149 eam
899 3083 963 3150 nisi
985 3082 1080 3151 huius
1103 3085 1206 3171 ipsius
1221 3084 1377 3150 orationis

267 3210 420 3273 germana
442 3189 566 3273 origine
588 3188 720 3255 aliunde
740 3189 961 3256 demonstrata
983 3190 1122 3276 adipisci
1143 3212 1242 3277 posse
1260 3189 1374 3256 videri.

266 3298 380 3381 ltaque
407 3303 600 3362 momentum
632 3317 672 3363 ac
700 3295 942 3363 fundamentum
970 3296 1168 3380 quaestionis
1200 3296 1245 3362 ad
1276 3316 1378 3381 genus

268 3402 397 3471 dicendi
418 3402 627 3470 iudicandum
650 3403 989 3489 comparationemque
1016 3404 1099 3469 inter
1121 3403 1320 3490 epitaphium
1347 3410 1380 3469 et

267 3516 392 3577 ceteras
415 3510 536 3594 Lysiae
563 3509 725 3577 orationes
754 3510 912 3595 genuinas
940 3510 1124 3578 faciendam
1151 3510 1279 3578 videtur
1306 3531 1378 3578 esse

265 3615 531 3685 transferendum.
575 3617 618 3683 At
644 3617 678 3682 in
700 3617 763 3683 hac
790 3638 825 3684 re
848 3616 1009 3684 dissensio
1037 3618 1136 3684 etiam
1161 3618 1264 3684 maior
1291 3616 1379 3682 facta

267 3723 548 3807 controversiaque
561 3723 666 3807 magis
685 3730 824 3790 exacuta
838 3730 897 3791 est.
923 3724 965 3788 Et
976 3724 1121 3809 profecto
1136 3724 1378 3810 compositionis

267 3830 397 3915 quidem
424 3850 550 3915 quoque
582 3830 616 3895 in
645 3830 811 3916 epitaphio
843 3837 959 3896 natura
989 3831 1023 3896 in
1054 3831 1236 3897 universum
1267 3836 1379 3896 tantae

267 3937 486 4021 ambiguitatis
510 3936 651 4022 speciem
664 3937 808 4022 praebet,
830 3943 867 4002 ut
888 3936 941 4003 hic
962 3958 1026 4003 non
1041 3938 1223 4021 sagacitate
1245 3936 1376 4005 investi-

268 4044 385 4130 gantis,
410 4042 469 4110 sed
485 4043 683 4111 divinatione
697 4044 904 4111 vaticinantis
919 4064 1000 4130 opus
1016 4064 1089 4112 esse
1102 4044 1259 4112 rideatur.
1295 4046 1379 4114 Nam

267 4171 460 4236 quamquam
488 4150 658 4218 Lebeauus
687 4149 913 4236 Hoelscheriit
945 4150 1198 4219 dubitationibus
1230 4151 1378 4219 refutatis

268 4278 307 4323 ao
322 4258 432 4325 dilutis
454 4257 525 4343 ipse
548 4257 581 4323 in
603 4256 667 4323 hac
680 4276 806 4341 quoque
829 4277 865 4325 re
887 4264 1011 4325 tantum
1030 4259 1194 4344 praestitit
1216 4265 1249 4325 et
1262 4258 1378 4343 effecit,

340 4398 362 4466 ¹)
380 4400 420 4453 ef.
440 4398 561 4453 Blassius
578 4399 597 4453 l.
617 4400 635 4454 l.
654 4417 680 4468 p.
694 4400 747 4454 416
766 4418 786 4453 s.

340 4487 361 4553 ²)
379 4488 420 4541 De
437 4488 497 4542 vita
515 4491 544 4543 et
561 4488 669 4557 seriptis
687 4487 786 4557 Lysiae
803 4507 830 4557 p.
848 4490 961 4545 48-54.
