3034 5067
640 422 683 487 33

106 616 245 682 exhibet.
283 614 330 681 Ao
345 615 446 682 series
461 615 530 681 eius
545 615 620 702 iere,
635 615 826 699 quodmodo
836 614 1075 701 descripsimus,
1090 615 1220 700 generis

106 722 266 789 antitheto
298 722 407 805 aliquo
441 722 622 808 adaugetur
654 730 752 807 atque
784 723 946 789 clauditur
978 725 999 803 ξ
1025 725 1076 792 19.
1113 724 1166 808 33,
1188 726 1220 792 2.

106 828 174 895 Sed
197 828 276 913 quid
298 829 332 894 in
354 828 416 895 hae
439 849 474 895 re
495 829 655 914 insignius
679 850 751 898 esse
774 836 882 915 potest
905 848 1001 913 quam
1023 829 1221 895 continuatio

106 935 169 1001 hac
191 935 289 1021 plane
312 935 426 1002 eadem
450 956 577 1021 quoque
601 937 671 1003 loco
696 937 806 1023 specie
829 956 869 1002 ac
890 936 1007 1002 forma:
1032 936 1223 1023 μὲν-δὲ-δὲ-

106 1041 403 1130 δὲ-μὲν-δὲ-ῶστε
427 1042 508 1116 ἄξιον
532 1046 552 1124 δ
576 1044 630 1111 59.
655 1046 675 1124 ξ
701 1045 785 1125 10))
832 1045 884 1128 33,
907 1044 937 1111 5.
984 1041 1077 1120 Quae
1095 1042 1224 1127 quidem

105 1148 275 1215 verborum
298 1156 458 1217 structura
471 1156 603 1236 propter
617 1149 822 1217 latitudinem
836 1149 998 1234 quandam
1015 1149 1069 1217 vel
1085 1150 1224 1216 maxime

107 1257 220 1339 generi
243 1255 496 1324 demonstrativo
518 1255 647 1323 videtur
669 1274 743 1324 esse
767 1255 977 1341 assignanda.
1006 1257 1125 1323 Verum
1138 1258 1224 1323 intra

106 1361 192 1428 hauc
238 1364 377 1430 iunctam
422 1364 686 1449 compositionem
731 1384 842 1431 rursus
883 1364 977 1447 quasi
1013 1363 1148 1430 solutior
1183 1383 1224 1430 ac

106 1469 299 1537 disiunctior
321 1470 357 1536 fit
370 1472 581 1538 membrorum
604 1472 809 1557 constructio,
832 1472 861 1537 si
874 1471 1048 1557 partieipia
1068 1471 1224 1538 auributa

106 1578 289 1664 promiscue
312 1585 543 1664 componuntur
566 1600 637 1645 oum
660 1579 829 1664 absolutis,
858 1579 947 1645 velut
974 1582 995 1660 ὅ
1019 1582 1072 1647 at.
1119 1582 1149 1664 1,
1172 1581 1225 1645 41.

106 1684 174 1750 Sed
197 1684 241 1752 ad
263 1692 408 1752 nostram
431 1704 564 1753 causam
587 1688 685 1753 etiam
708 1686 859 1771 pertinet,
882 1685 969 1769 quod
991 1685 1053 1751 hoe
1068 1684 1225 1771 epitaphii

105 1792 178 1858 loco
208 1791 323 1859 eadem
348 1793 462 1878 verba,
492 1791 602 1867 εἰδότες
616 1826 632 1841 ·
646 1791 772 1878 ὁρῶντες
786 1832 801 1844 -
816 1793 987 1870 duetorem,
1015 1793 1224 1878 reperiuntur,

106 1918 192 1982 quae
222 1899 256 1964 in
288 1899 408 1966 talibus
443 1900 610 1967 structuris
642 1900 748 1983 magis
786 1899 974 1984 siugulatim
1005 1900 1114 1984 posita
1151 1906 1225 1966 sunt

110 2008 162 2091 10,
192 2008 244 2073 22.
293 2009 343 2086 12,
374 2009 426 2073 69.
475 2010 526 2085 19,
555 2010 606 2075 26.
652 2009 704 2092 30,
731 2009 790 2091 22,
823 2007 863 2075 of.
896 2010 916 2087 ξ
949 2008 992 2073 32
1025 2006 1225 2092 ἀποροῦντες-

111 2110 224 2186 strae<
246 2134 318 2179 eum
340 2116 369 2199 9,
394 2117 446 2182 21.
491 2112 536 2178 At
548 2114 639 2179 illam
663 2114 849 2180 solutiorem
863 2113 1045 2199 exponendi
1059 2113 1225 2199 rationem,

108 2238 174 2302 qua
204 2220 322 2305 Lysias
360 2220 511 2305 graviora
538 2240 642 2287 rerum
670 2227 833 2286 momenta
865 2226 941 2287 ante
968 2220 1080 2290 oculos
1105 2241 1225 2307 ponere

110 2326 203 2411 solet,
225 2326 387 2393 Isocrates
410 2326 541 2411 quidem
563 2330 594 2413 4,
618 2330 660 2394 96
683 2327 717 2393 in
739 2326 798 2392 ilie
820 2327 895 2413 ipsa
921 2347 957 2393 re
984 2330 1004 2409 ἕ
1029 2329 1070 2394 37
1105 2326 1225 2394 descri-

22 2438 23 2507 t
105 2431 214 2497 benda
236 2433 270 2499 in
293 2433 410 2499 ceteris
432 2434 528 2500 rebus
558 2440 705 2501 nostrum
732 2454 838 2519 paene
866 2432 1068 2501 adverbum
1096 2440 1225 2500 secutus

22 2546 23 2549 ’
107 2558 173 2604 uon
194 2540 324 2625 recepit
369 2540 421 2606 De
437 2540 631 2607 auctoritato
643 2560 720 2607 vero
736 2540 962 2626 descriptionis
981 2540 1092 2626 ipsius,
1116 2539 1222 2624 qualis

107 2646 281 2732 praecipue
305 2646 403 2712 etiam
426 2650 446 2728 ἕ
471 2650 513 2715 38
538 2653 601 2732 est,
624 2654 659 2714 ut
680 2646 716 2714 id
737 2648 800 2713 hoc
826 2646 900 2714 loco
927 2640 1088 2733 notemus,
1116 2646 1221 2715 conie-

107 2757 218 2818 rantur
233 2753 316 2821 Xen.
330 2752 429 2837 Ages.
449 2757 478 2834 2,
499 2757 521 2820 4
540 2760 572 2820 et
589 2754 664 2820 huic
681 2754 752 2821 1000
767 2753 967 2839 respondens
985 2754 1220 2841 Ηο11.Ν,3,2.

176 2876 256 2942 Cum
291 2897 375 2961 quae
412 2878 539 2945 omnino
582 2878 624 2945 de
660 2879 892 2965 compositione
929 2876 1087 2964 epitaphii
1123 2899 1222 2965 supra

108 2980 260 3068 diximus,
297 3004 337 3051 ea
372 3005 437 3050 non
472 2984 636 3051 minimum
673 2984 717 3051 ed
752 2990 927 3052 ornatum
963 3005 1090 3069 quoque
1126 2985 1221 3052 huius

108 3090 265 3157 orationis
279 3092 471 3177 pertineant,
493 3112 598 3176 neque
617 3091 793 3177 quidquam
817 3092 886 3159 eius
903 3092 1127 3177 cognationem
1150 3112 1221 3159 cum

108 3196 251 3281 Gorgiae
274 3197 404 3265 dicendi
422 3218 540 3283 genere
564 3198 682 3266 certius
697 3198 887 3266 testificetur
910 3218 1005 3283 quam
1027 3197 1114 3284 illae,
1136 3218 1221 3283 quae

106 3306 149 3371 ab
176 3304 238 3371 hoc
264 3306 336 3392 ipso
365 3312 493 3373 oratore
516 3306 672 3391 originem
700 3313 732 3375 et
759 3326 875 3374 nomen
898 3304 1030 3392 ducunt,
1052 3304 1221 3373 verborum

106 3410 243 3498 figurae,
271 3418 338 3478 tum
366 3414 447 3480 haec
474 3415 507 3479 in
531 3414 695 3500 epitaphio
725 3420 913 3482 ornamenta
940 3434 1020 3500 prae
1042 3414 1108 3481 illis
1132 3413 1220 3480 Sicu-

105 3519 209 3586 lorum
222 3520 389 3588 lenociniis
403 3521 502 3587 multo
516 3522 621 3605 magis
635 3528 815 3608 temperata
829 3541 869 3588 ac
883 3521 1124 3607 circumscripta
1137 3527 1220 3606 suni,

108 3647 205 3710 quam
232 3648 316 3712 quae
338 3628 460 3714 Lysiae
487 3629 656 3712 assignare
683 3648 748 3695 non
772 3627 956 3696 debeamus.
1002 3627 1111 3706 Quid?
1134 3627 1221 3712 quod

107 3733 291 3819 epitaphius
305 3735 339 3801 in
348 3735 410 3802 hac
419 3755 546 3820 quoquo
559 3755 594 3801 re
608 3735 652 3801 ad
662 3742 788 3803 ceteras
802 3735 966 3803 orationes
976 3755 1077 3821 prope
1089 3735 1220 3802 accedit

106 3840 271 3925 multaque
289 3849 379 3908 certa
396 3842 518 3909 indicia
536 3841 655 3911 indolis
675 3843 835 3928 genuinae
853 3842 959 3909 habet
1004 3842 1088 3911 Nam
1107 3848 1142 3908 ut
1160 3862 1219 3909 eas

107 3944 242 4033 figuras,
273 3967 357 4032 quae
383 3949 417 4014 iu
444 3948 516 4017 sola
543 3950 754 4017 consonantia
783 3957 839 4016 aut
866 3955 1022 4016 concentu
1050 3950 1220 4015 verborum

107 4054 231 4138 origine
245 4054 444 4122 diversorum
457 4056 644 4143 consistunt,
659 4058 852 4143 omittamus,
866 4044 975 4123 ortator
989 4075 1052 4140 quo
1066 4056 1219 4123 maiorem

109 4161 257 4229 effectum
269 4162 462 4231 rhetoricum
476 4171 698 4251 consequatur,
713 4165 949 4233 contentionem
966 4163 1102 4230 duarum
1115 4162 1219 4228 notio-

108 4304 319 4317 w

24 4430 25 4436 ,
180 4373 202 4443 ¹)
220 4375 392 4432 Erdmunuus
415 4394 481 4433 sune
504 4382 599 4434 contra
621 4377 737 4434 editores
760 4382 863 4435 ceteros
885 4394 979 4435 omnes
1002 4378 1032 4434 in
1054 4377 1146 4435 media
1166 4377 1219 4434 illa

108 4466 174 4522 serie
192 4465 316 4537 graviter
333 4466 508 4539 interpungit
526 4471 611 4538 atque
629 4468 696 4524 adeo
713 4468 893 4525 intervallum
910 4468 998 4541 ponit

1042 4558 1060 4612 3
