3034 5067
670 420 711 483 21

134 612 199 697 ipsi
221 612 319 677 futuri
351 632 425 679 esse
451 613 622 679 videantur
645 618 677 679 et
704 612 819 695 quales
845 619 956 697 patres
984 633 1093 679 eorum
1122 612 1247 679 fuerint.

135 718 201 785 Sed
233 718 408 786 inhaere
436 720 499 786 duo
527 721 592 787 loci
620 740 715 786 unam
747 719 906 805 epitaphii
933 720 1126 787 sententiam
1153 720 1248 804 quasi

134 825 282 892 reficiunt
317 832 416 910 atque
452 826 625 912 complent:
662 831 683 907 5
724 830 763 891 13
801 826 943 907 ἀγαθὸν
978 832 1035 914 μὲν
1064 824 1145 892 occe
1176 825 1248 911 ἰδίᾳ

134 930 202 998 hah
224 944 287 998 coh
310 938 444 1019 πατρὸς
465 936 702 1017 πεπονθότες,
723 934 855 1007 ἐκείνους
879 936 937 1015 (sa
950 960 975 1000 τ.
990 933 1115 1016 παῖδας)
1138 931 1164 998 δ’
1184 936 1248 999 ουκ

134 1039 248 1114 εἰδότες
269 1038 389 1107 ὁποῖοί
412 1063 505 1115 τινες
528 1041 633 1127 ἄνδρες
669 1044 818 1107 ἔσονται
854 1047 1040 1128 γενόμενοι
1068 1040 1106 1105 fr.
1145 1042 1195 1125 78,
1227 1043 1248 1105 2

136 1144 262 1233 ἀζγαθὰ
293 1152 345 1214 καὶ
376 1146 451 1233 ἰδία
487 1154 539 1214 καί
571 1149 701 1236 δημοσία
732 1152 915 1220 παθόντες
945 1144 997 1211 ὑπ’
1026 1145 1116 1214 αὐτοῦ
1138 1149 1199 1232 (se.
1221 1173 1247 1213 τ.

135 1255 306 1340 πατρός),
333 1257 383 1333 14,
411 1258 449 1321 17
484 1254 533 1321 ὅτε
561 1267 631 1328 παῖς
658 1253 700 1320 ὢν
722 1252 820 1321 οὔπω
851 1257 949 1343 δῆλος
979 1255 1018 1343 ἦν
1044 1252 1171 1327 ὁποῖός
1197 1279 1250 1328 τις

135 1365 251 1438 ἔσται,
275 1364 324 1427 διὰ
347 1366 384 1429 τὰ
406 1372 459 1428 τοῦ
482 1367 618 1448 πατρὸς
645 1362 1043 1450 ἁμαρτήματα-παρεδόθη.
1089 1363 1171 1427 Tam
1199 1362 1249 1446 iifl,

134 1489 220 1553 quae
243 1468 416 1554 attuhmus‚
449 1489 545 1553 quam
567 1470 650 1535 inter
673 1490 709 1535 se
732 1475 950 1535 consentanea
972 1468 1135 1535 videntur:
1181 1472 1202 1550 5
1226 1472 1247 1535 8

135 1577 309 1663 νομίζοντες
350 1577 487 1662 ἀνδρῶν
527 1576 678 1659 ἀγαθῶν
714 1574 806 1642 εἶναι
850 1580 966 1649 ζῶντας
1009 1578 1078 1648 τοὺς
1119 1576 1251 1663 ἐχθροὺς

134 1686 372 1770 τιμωρήσασθαι,
400 1685 449 1766 19,
464 1685 505 1749 59
520 1680 688 1770 ἡγουμενσς
701 1680 793 1750 εἶναι
817 1683 945 1767 ἀνδρὸς
968 1670 1110 1766 &fahed
1124 1682 1249 1771 ὠφελεῖν

134 1793 207 1863 τοὺς
230 1791 343 1875 φίλους.
391 1788 458 1856 Sed
481 1790 668 1856 excelsioris
690 1789 789 1855 animi
803 1795 854 1856 est
867 1789 1141 1873 utiqueuirtutem
1155 1810 1249 1875 prae-

135 1904 239 1963 stare:
283 1900 303 1978 5
342 1899 384 1963 10
424 1894 631 1983 οὖ-τιμουρίας
671 1896 877 1984 ἐπεθύμησαν,
915 1896 1078 1983 ἀλλὰ-τὴν
1115 1896 1250 1963 ἑαυτῶν

135 2006 277 2090 ἀρετὴν
321 2000 567 2083 ἐπεδείξαντο,
613 2004 666 2068 Er.
714 2006 801 2069 2342
846 2001 1070 2089 οὐδὲ-ἔχθρας
1104 2011 1250 2092 πρόφασιν

5 2148 8 2157 =
134 2116 323 2198 ζητήσουσιν,
338 2110 503 2198 ἀλλ’-τὴν
519 2107 636 2176 αὑτῶν
653 2109 784 2196 ἀρετὴν
796 2110 1045 2183 ἐπτδείξονται.
1066 2110 1130 2175 Illa
1142 2117 1250 2175 autem

133 2219 304 2284 verborum
318 2218 438 2283 iunctio
453 2224 591 2303 apparet
606 2220 657 2297 18,
675 2219 715 2283 13
730 2222 763 2283 et
777 2220 797 2297 5
812 2218 855 2284 59
870 2218 931 2283 sic:
958 2217 1108 2290 ἐπέδειξαν
1131 2217 1163 2283 ἐν
1185 2229 1251 2291 ταῖς

135 2326 306 2411 δυστυχίας
341 2330 395 2412 τὴν
427 2324 542 2392 ἑαυτῶν
575 2324 692 2412 ἀρετήν.
753 2322 817 2389 Sed
849 2330 885 2389 ut
915 2324 959 2389 ad
995 2324 1130 2389 alteram
1161 2324 1252 2390 illam

137 2432 258 2517 agendi
291 2451 423 2499 causam
454 2438 669 2525 revertamur,
705 2431 824 2516 Lysias
857 2432 929 2516 ipse
966 2430 1095 2514 quidem
1127 2452 1249 2516 suoque

5 2582 12 2615 ,
136 2540 266 2606 nominc
292 2540 372 2605 lucri
396 2539 537 2607 studium
559 2538 793 2623 avaritiamque
826 2558 1001 2622 sauequam
1028 2538 1249 2625 perhorruisse

139 2653 172 2713 et
195 2648 428 2733 contempsisse
450 2647 586 2713 videtur.
633 2644 727 2724 Quod
750 2645 879 2729 quidem
901 2646 1039 2713 maxime
1068 2667 1109 2713 ex
1136 2667 1181 2712 or.
1208 2649 1249 2712 12

135 2754 278 2838 intelligi
302 2760 418 2840 potest,
441 2754 474 2820 in
498 2774 562 2837 qua
584 2754 756 2821 avaritiam
779 2754 912 2837 triginta
934 2753 1087 2833 virorum,
1112 2754 1164 2819 cui
1177 2754 1249 2839 ipse

138 2867 205 2927 tam
228 2881 346 2946 graves
368 2881 492 2947 poenas
516 2856 659 2945 dederat,
692 2880 814 2927 summo
837 2880 908 2926 cum
940 2859 1015 2926 odio
1048 2860 1248 2947 perstringit.

136 2969 252 3051 ltaque
284 2988 348 3034 non
376 2968 445 3035 sine
468 2967 578 3051 aliqua
600 2968 694 3034 huius
727 2968 776 3033 rei
808 2968 1044 3053 contemptione
1076 2988 1112 3035 se
1144 2967 1249 3053 ipsum

136 3082 217 3161 tum,
250 3096 321 3141 cum
352 3076 386 3141 in
418 3097 539 3143 summo
567 3075 656 3142 vitae
688 3075 830 3161 periculo
863 3082 1059 3160 versaretur,
1090 3074 1249 3142 dicentem

137 3182 216 3248 facit
247 3183 289 3250 ib.
326 3186 380 3249 14:
411 3188 576 3271 χρημάτων
602 3181 629 3248 d'
653 3182 741 3249 ἕνεκα
773 3182 949 3269 ἀπόλλυμαι.
1008 3181 1132 3247 Eadem
1168 3182 1249 3247 lueri

144 3289 359 3375 despicientia
382 3296 479 3373 atque
506 3289 611 3356 irrisio
637 3290 765 3356 uidetur
794 3290 902 3355 inesse
923 3289 958 3355 in
983 3288 1103 3373 verbis,
1134 3289 1249 3373 quihus

136 3396 379 3463 Atheniensium
401 3397 576 3463 maioribus
599 3416 657 3482 pro
686 3397 825 3464 Graecia
847 3397 881 3462 in
909 3416 970 3462 sua
996 3402 1083 3461 terra
1113 3403 1249 3481 tropaea

136 3503 329 3589 ponentibus
361 3504 480 3571 Persas
513 3504 660 3589 opponit:
696 3509 716 3585 5
747 3506 790 3571 25
821 3501 893 3590 ὅπερ
924 3511 1089 3591 χρημάτων
1119 3500 1163 3577 εἰς
1192 3509 1248 3591 τὴν

140 3610 302 3694 ἀλλοτρίαν
330 3610 530 3697 ἐμβαλόντων.
576 3610 678 3677 Simili
701 3618 809 3677 autem
835 3609 933 3676 modo
959 3617 1068 3676 orator
1094 3616 1248 3694 quaestus

137 3716 279 3783 studium
300 3716 412 3784 irridet
435 3716 565 3783 ludibrii
588 3716 808 3803 amplificandi
831 3737 931 3784 causa
948 3725 1094 3805 χρήματα
1116 3715 1248 3801 (ουσίαν)

136 3824 189 3891 νε1
211 3824 392 3891 hominihus
414 3825 467 3891 vel
490 3826 585 3891 rehus
609 3824 802 3908 quibusdam
816 3844 981 3910 opponens
1008 3826 1057 3909 12,
1074 3828 1102 3890 ί.
1129 3826 1249 3909 28,16.

137 3934 189 4015 29,
209 3934 258 4016 11,
276 3934 326 3999 12.
350 3934 402 4017 31,
417 3934 446 3997 6.
470 3934 521 4017 32,
538 3935 587 3997 ll.
610 3930 646 3998 fr.
662 3934 712 3998 84.
748 3930 843 4008 Quod
858 3931 886 3997 si
900 3930 1038 4014 denique
1051 3931 1156 3996 locum
1170 3934 1191 4011 5
1205 3933 1248 3997 33

136 4038 284 4123 legimus,
316 4060 421 4105 nonne
452 4038 498 4105 ihi
529 4038 649 4124 Lysiae
680 4037 783 4124 ipsius
814 4058 925 4104 verum
952 4037 1115 4122 ingenium
1151 4044 1248 4121 atque

136 4145 300 4211 fortunam
323 4166 478 4232 expressa
491 4145 602 4212 uidere
624 4145 778 4230 videmur,
802 4145 857 4228 qui
871 4145 969 4212 etiam
987 4145 1058 4230 ipse
1076 4165 1134 4231 pro
1154 4144 1247 4210 liher-

136 4259 205 4319 tate
215 4259 312 4337 atque
327 4253 486 4337 dignitate
499 4253 626 4339 patriae
640 4260 673 4318 et
685 4253 824 4339 patriam
834 4259 867 4318 et
881 4253 1049 4338 pecuniam
1063 4252 1247 4319 amisisset?

204 4362 248 4428 Ut
271 4380 380 4428 rursus
404 4360 494 4427 aliud
514 4360 600 4444 quod
618 4360 810 4447 principium
830 4360 877 4426 rei
901 4358 1114 4445 explicandae
1137 4379 1248 4425 conse-

136 4488 280 4553 quamur‚
286 4467 363 4552 quid
377 4468 496 4553 Lysias
506 4467 547 4534 de
553 4468 704 4535 universa
712 4467 781 4533 uita
790 4467 949 4551 rebusque
959 4466 1105 4533 icaunae
1111 4466 1248 4533 senserit
