3034 5067
633 1087 992 1193 THESES.

762 1298 867 1314 ΜΛΛΛν

303 1462 328 1527 Ι.
365 1459 483 1526 Herod.
509 1460 562 1545 IV,
588 1463 650 1527 119
678 1458 913 1526 emendandum
940 1466 1003 1526 est:
1024 1418 1072 1546 ’ἢν
1100 1466 1195 1546 μέντοι
1221 1460 1291 1546 ἐπίη
1319 1467 1373 1525 καὶ

366 1566 414 1633 ἐπὶ
427 1572 479 1654 την
493 1565 640 1655 ἡμετέρην
654 1566 732 1652 ἄρξη
747 1591 778 1633 τε
791 1567 924 1645 ἀδικέων,
942 1571 1001 1631 ’καὶ
1014 1564 1102 1654 ἡμεῖς
1119 1564 1158 1631 οἰ)
1173 1573 1373 1654 πεισόμεθα

365 1672 523 1760 (plerique
547 1672 639 1739 eodd.
662 1671 696 1737 οδ
719 1678 893 1761 πεισόμεθα,
918 1693 934 1738 s
957 1670 1012 1739 οδε
1034 1671 1205 1760 οἰσόρεδα).

286 1800 327 1867 Π.
364 1799 484 1883 Lysiae
512 1797 689 1863 orationum
716 1798 795 1863 XIV
823 1804 856 1863 et
877 1797 938 1863 XV
965 1798 1106 1881 genuina
1135 1798 1225 1881 origo
1254 1798 1371 1864 iniuria

367 1926 387 1970 a
411 1904 604 1988 quibusdam
626 1905 660 1970 in
684 1903 815 1970 dubium
837 1911 979 1970 vocatur.

273 2032 331 2098 ΙΠ.
367 2030 455 2096 Inter
482 2029 678 2116 epitaphium
706 2030 827 2113 Lysiae
860 2035 892 2095 et
920 2030 974 2112 qui
1004 2028 1120 2094 dieitur
1146 2029 1373 2095 Demosthenis

367 2137 466 2202 ullam
489 2136 672 2203 interiorem
695 2137 853 2201 rationem
876 2135 1077 2202 intercedere
1099 2156 1192 2220 nego.

274 2263 327 2328 IV.
365 2263 460 2328 Dion.
483 2262 556 2328 Hal.
585 2262 626 2329 de
648 2262 745 2329 Isoor.
774 2284 804 2347 p.
833 2263 907 2347 556,
930 2264 969 2328 13
993 2262 1141 2345 (Reiske)
1166 2262 1262 2328 soribi
1285 2261 1373 2327 volo:

368 2370 459 2441 ἀξιῶν
483 2374 674 2457 μεταθέσθαι
703 2375 753 2455 μὲν
779 2373 832 2451 τὴν
858 2375 926 2433 τότε
949 2374 1148 2434 καθεστῶσαν
1173 2372 1375 2455 δημοκρατίαν

369 2477 411 2550 ὡς
434 2480 550 2565 μεγάλα
573 2480 758 2560 βλάπτουσαν
782 2481 836 2564 την
865 2480 963 2554 πόλιν,
996 2474 1066 2561 ὑπὲρ
1095 2476 1132 2565 ἦς
1161 2480 1375 2565 δημηγορῶν
1498 2504 1501 2511 ·

369 2582 465 2658 οὐδεὶς
487 2584 631 2671 ἐπεχείρει
654 2586 749 2665 λέγειν
772 2581 879 2667 (codd.
903 2586 1111 2671 δημαγωγῶν).

290 2711 328 2779 V.
367 2710 432 2775 Cio.
461 2710 556 2775 Tusa.
586 2710 691 2775 loonm
718 2710 761 2792 V,
789 2711 845 2793 37,
876 2711 938 2775 106
967 2708 1015 2774 sio
1042 2706 1275 2774 restituendum
1302 2726 1374 2773 esse

370 2836 501 2883 censeo:
524 2814 563 2880 Id
586 2814 644 2903 (so.
660 2814 803 2902 exilium)
828 2815 857 2880 si
870 2822 1002 2901 propter
1016 2814 1156 2881 alienam
1175 2820 1207 2879 et
1220 2814 1376 2880 offensam

369 2923 481 3009 populi
508 2923 705 2989 voluntatem
732 2922 852 2988 malum
881 2929 944 3007 est,
976 2943 1072 3006 quam
1100 2921 1142 2986 sit
1171 2942 1210 2986 ea
1238 2927 1375 2987 oontem-

369 3029 485 3115 nenda,
510 3030 541 3096 si
565 3031 624 3095 eui
647 3028 813 3114 aeeidit,
836 3030 933 3116 paulo
957 3028 1170 3095 antedictum
1194 3034 1244 3093 est
1265 3026 1374 3111 (eodm

372 3138 454 3203 sieut
477 3135 520 3224 a).

279 3262 332 3329 VI.
370 3261 466 3347 Apud
481 3261 624 3327 Curtium
645 3262 786 3345 vestigia
809 3261 958 3327 oonsoiae
986 3266 1019 3326 et
1040 3260 1165 3327 inseiae
1187 3258 1377 3324 imitationis

370 3368 497 3434 Horatii
519 3368 731 3434 inveniuntur.
