3034 5067
841 384 884 450 38

309 576 420 664 taphio
449 596 643 661 quamquam
672 576 821 644 universe
848 575 976 644 videtur
1008 597 1081 645 esse
1108 578 1205 645 etiam
1233 581 1352 647 reotior
1384 602 1429 646 ao

310 684 496 768 diligentior
526 704 622 767 quam
653 684 688 749 in
710 704 829 768 genere
851 684 981 769 forensi,
1008 684 1129 771 quippe
1157 687 1208 751 oui
1236 686 1429 754 dissolutior

311 790 471 876 quaedam
481 790 579 857 diotio
591 796 810 857 consentanea
825 790 875 875 sit,
889 797 998 857 tamen
1011 791 1046 856 in
1056 792 1429 875 quibusdamverborum

310 898 525 966 innotionibus
549 898 611 964 sibi
634 904 763 965 constat
785 904 882 982 atque
904 897 1068 984 propriam
1096 906 1129 965 et
1157 920 1248 966 suam
1272 901 1429 985 loquendi

311 1005 574 1072 consuetudinem
606 1012 717 1091 aperte
749 1004 900 1071 ostendit.
953 1005 1037 1072 Nam
1068 1006 1223 1092 primum,
1259 1014 1295 1072 ut
1325 1028 1429 1093 supra

311 1112 539 1196 congruentiae
562 1133 663 1179 eausa
686 1133 783 1178 unam
804 1111 966 1178 notionem
984 1112 1077 1195 quasi
1100 1113 1134 1177 in
1157 1112 1220 1179 duo
1244 1134 1429 1199 synonyma

312 1218 450 1285 divisam
477 1219 628 1304 vidimus,
661 1219 709 1285 sie
736 1218 946 1303 aequalitatis
970 1218 1078 1303 gratia
1106 1218 1170 1285 duo
1196 1220 1309 1305 verba,
1341 1242 1429 1304 quae

313 1326 407 1411 quasi
430 1345 527 1392 unam
550 1326 675 1394 duobus
698 1326 1067 1393 membris'oommunem
1089 1327 1252 1393 notionem
1275 1327 1429 1411 efficiunt,

312 1434 346 1499 in
373 1453 413 1500 ea
439 1435 582 1501 membra
609 1432 779 1500 distributa
806 1439 894 1517 suut,
922 1433 1011 1499 velut
1037 1436 1058 1514 ξ
1081 1434 1122 1499 51
1152 1433 1180 1499 οἱ
1207 1440 1258 1520 μὲν
1287 1435 1429 1520 ἐμπειρία

313 1546 370 1627 τὴν
393 1540 535 1629 ἀρετήν,
559 1540 586 1607 οἱ
608 1542 639 1605 δὲ
662 1544 744 1629 ponar
767 1544 994 1627 κεκτημένοι,
1021 1542 1070 1618 12,
1095 1541 1139 1606 64
1161 1543 1281 1607 πολλῶν
1303 1541 1431 1623 ἀγαθῶν

314 1646 441 1726 αἰτίου,
466 1643 571 1713 ἀλλὀὐ
593 1650 851 1735 pertolerassent
874 1654 1127 1735 γεγενημένου,
1157 1646 1197 1713 os.
1223 1650 1243 1728 ξ
1267 1652 1319 1717 53.
1342 1652 1375 1727 4,
1400 1652 1430 1732 8,

317 1757 443 1839 11,17.
474 1757 578 1834 7,16.
606 1756 688 1839 9,1.
719 1756 770 1832 12,
794 1754 846 1821 52.
876 1756 925 1838 13,
952 1756 1001 1819 19.
1031 1756 1083 1838 26,
1106 1756 1136 1832 2,
1164 1757 1212 1819 12.
1241 1756 1293 1835 34,
1316 1757 1347 1821 5.
1376 1756 1430 1819 Er.

315 1862 414 1927 2324.
439 1860 594 1945 fr,53,1.
639 1860 720 1927 ltem
747 1859 791 1925 ad
820 1859 1045 1926 eonoinnitatis
1072 1858 1240 1927 emusdam
1260 1862 1431 1927 verborum

316 1966 457 2034 studium
497 1966 665 2033 referenda
704 1966 832 2033 videtur
872 1966 949 2033 talis
992 1967 1162 2033 oolloeatio
1200 1969 1431 2053 particularum

316 2076 444 2161 μὲν-δὲε
469 2077 488 2155 ξ
516 2077 564 2143 19.
598 2074 648 2142 Er.
673 2073 767 2140 232d
789 2072 1102 2162 ὑπὸ-μὲν-ὁαὸ-δέ,
1127 2074 1166 2142 41.
1193 2080 1220 2160 1,
1233 2078 1287 2142 42.
1314 2080 1431 2161 16,18.

317 2185 367 2266 21,
385 2184 434 2266 17,
449 2184 500 2249 20.
524 2184 576 2266 30,
592 2184 642 2248 21.
671 2183 722 2267 32,
738 2184 789 2249 20.
834 2182 878 2249 Ut
905 2187 1014 2248 autem
1042 2182 1171 2266 singula
1200 2184 1432 2250 sententiarum

315 2289 458 2354 membra
485 2295 592 2354 orator
619 2290 712 2373 quasi
739 2289 774 2355 in
800 2309 863 2354 uuo
890 2297 992 2375 ponat
1021 2295 1170 2375 aspeotu,
1201 2290 1284 2357 liaeo
1310 2310 1432 2374 genera

315 2395 484 2461 verborum
510 2395 770 2481 iunetionumque
796 2416 854 2481 per
881 2395 1058 2462 ohiasmum
1086 2396 1120 2460 in
1148 2396 1312 2480 globulum
1333 2419 1431 2482 quen-

317 2501 392 2568 dam
419 2503 599 2586 astringere
626 2524 665 2569 ao
692 2502 884 2569 concludere
913 2503 1093 2569 oonsuevit:
1124 2506 1143 2584 ξ
1168 2506 1189 2569 2
1217 2504 1244 2569 οἱ
1271 2509 1308 2569 τὰ
1335 2503 1431 2571 αὐτῶν

317 2613 497 2683 πενθοῦντες
518 2616 610 2690 κακά,
637 2614 686 2697 18,
702 2613 743 2677 27
768 2622 831 2683 τοῖς
854 2623 914 2675 τῶν
936 2608 1035 2676 αὐτῶν
1059 2621 1241 2698 μετασχοῦσι
1264 2623 1431 2701 ωμμσρῶν,

318 2715 357 2782 41.
375 2719 402 2801 1,
415 2720 468 2784 49.
492 2719 543 2802 24,
558 2720 609 2783 27.
634 2718 685 2797 25,
705 2720 753 2785 16.
777 2718 892 2803 34,11.
915 2717 968 2782 Er.
982 2718 1083 2785 2311).
1108 2716 1244 2783 Omnino
1258 2720 1432 2805 partieipia

318 2843 421 2906 eaque
443 2823 719 2910 praeeipueverbi
732 2829 873 2909 γενέσθαι
896 2824 965 2891 sive
985 2826 1154 2891 verborum
1177 2826 1248 2892 soni
1271 2826 1431 2893 efficiendi

318 2932 388 2998 sive
405 2931 528 2997 numeri
544 2931 694 2998 servandi
717 2952 818 2999 eausa
833 2932 949 3016 quavis
972 2932 1039 2998 alia
1062 2920 1158 3017 qoam
1179 2934 1311 3019 proprie
1326 2954 1430 3019 gram-

318 3037 438 3104 matioa
460 3038 620 3104 loeatione
644 3038 787 3123 gaudent
809 3042 829 3119 ξ
848 3041 898 3104 13.
922 3042 1009 3119 632.
1036 3041 1085 3125 12,
1101 3043 1152 3106 77.
1179 3043 1228 3126 13,
1244 3044 1296 3125 32,
1309 3042 1362 3125 43,
1376 3043 1429 3120 48,

318 3148 370 3212 61.
399 3145 450 3229 25,
474 3147 503 3211 9.
530 3147 657 3231 31,10.
686 3148 737 3231 34,
756 3147 786 3213 4.
832 3146 869 3210 Iu
896 3144 958 3212 hae
985 3166 1021 3214 re
1047 3146 1129 3214 haee
1156 3147 1277 3213 locutio
1306 3167 1433 3233 semper

319 3250 381 3317 sibi
395 3257 522 3318 constat
541 3253 601 3319 sio:
626 3251 841 3341 ἡγεγεννμμένη
864 3257 1000 3340 συμφορὰ
1023 3256 1043 3335 ξ
1063 3256 1115 3321 32.
1140 3257 1168 3339 7,
1183 3257 1213 3321 6.
1237 3257 1287 3339 12,
1303 3257 1355 3320 92.
1382 3257 1431 3340 13,

318 3359 371 3423 43.
396 3359 514 3442 18,18.
539 3362 591 3445 21,
605 3362 634 3426 9.
657 3362 754 3445 34,1.
800 3360 992 3426 Pronomine
1015 3359 1154 3445 denique
1176 3360 1293 3435 ἅ-αας
1316 3368 1357 3446 41,
1380 3362 1431 3427 eui

319 3464 507 3530 attributum
544 3472 606 3551 est,
642 3467 770 3533 nomine
800 3467 933 3534 verbum
969 3467 1037 3533 fere
1068 3468 1271 3534 ooniunotum
1302 3469 1431 3535 oiroum-

320 3570 575 3654 41411114νέ37.
604 3578 695 3655 661.
720 3578 740 3656 5
762 3577 812 3641 13.
844 3576 1050 3659 1,5,1o,18.
1075 3576 1215 3659 3,3,10.
1241 3577 1357 3659 13‚48.
1383 3579 1432 3659 19,

321 3680 372 3744 64.
396 3681 448 3757 24,
463 3681 515 3766 26,
530 3681 580 3746 27.
606 3683 657 3766 25,
674 3685 700 3747 1.
725 3684 777 3766 32,
791 3685 821 3750 8.
849 3682 901 3746 Er.
924 3682 1023 3747 2341).
1070 3681 1116 3747 01.
1139 3682 1157 3765 6
1181 3684 1224 3748 34
1251 3680 1285 3748 ori
1307 3685 1432 3755 πολλαῖς

321 3781 469 3871 δ’ὕστερον
492 3785 626 3874 ἡμέραις,
651 3790 738 3874 23,9
762 3786 865 3875 q-oo
888 3811 918 3853 π.
942 3786 968 3852 i).

387 3892 509 3977 Restat,
532 3899 567 3958 ut
589 3894 687 3979 illam,
711 3914 795 3980 quae
818 3897 901 3960 inter
924 3892 1123 3980 epitaphium
1136 3895 1257 3979 Lysiae
1280 3902 1312 3962 et
1335 3915 1431 3980 pane-

321 3997 465 4081 gyrioum
474 4000 627 4068 Isocratis
637 4000 817 4087 intercedit,
831 4002 990 4068 rationem
1000 4002 1175 4087 separatim
1185 4004 1324 4069 breviter
1334 4023 1427 4088 expo-

320 4107 534 4174 namus.Nam
543 4128 614 4174 oum
623 4108 686 4176 hae
697 4109 858 4175 orationes
868 4108 1430 4176 nonnullislooisnimiamverborum

321 4210 404 4277 inter
427 4232 462 4278 se
482 4215 719 4282 similitudinem
744 4216 929 4301 praebeant,
952 4215 1017 4280 iam
1036 4215 1160 4300 pridem
1184 4237 1205 4281 4
1227 4216 1306 4282 viris
1329 4214 1431 4281 doctis

321 4320 505 4386 necessario
529 4328 561 4389 et
576 4323 645 4389 iure
660 4323 800 4408 positum
816 4329 913 4405 atque
929 4328 1084 4387 statutum
1105 4329 1155 4389 est
1169 4322 1258 4387 illum
1274 4329 1430 4388 oratorem

321 4430 359 4498 in
372 4428 568 4513 panegyrico
591 4431 675 4499 huno
693 4436 837 4499 nostrum
859 4428 893 4497 in
908 4427 1072 4518 epitaphio
1096 4430 1307 4519 exoerpsisse.
1342 4427 1431 4506 Quae
