3034 5067
717 400 760 462 39

51 635 56 661 .
179 595 363 661 coniectura
386 613 423 659 eo
447 592 627 659 confirmari
650 592 829 677 videbatur,
852 592 940 676 quod
954 592 1220 660 verisimillimum
1243 600 1294 660 est

178 702 353 787 Isocratem
378 699 592 785 compluribus
615 699 702 777 illius
726 699 882 765 orationis
903 699 998 785 loeis,
1022 704 1066 781 ἐξ
1092 704 1141 785 13,
1167 703 1216 786 74,
1242 703 1293 785 89,

182 811 234 893 97,
267 808 335 894 ubi,
370 807 455 892 quod
482 807 535 871 vel
559 806 642 872 alios
669 805 810 873 imitetur
834 806 888 873 vel
914 807 956 872 ab
979 806 1053 873 aliis
1080 806 1226 892 recedat,
1258 826 1294 873 se

180 921 322 999 excusat,
346 920 458 999 aperte
481 920 645 979 auctorem
668 913 826 999 epitaphii
848 913 1018 998 respicere.
1053 913 1119 979 Sed
1142 914 1294 998 quoniam

178 1022 261 1087 haec
287 1020 433 1086 laudatio
460 1020 603 1086 funebris
633 1020 759 1085 omnino
789 1019 831 1086 de
852 1040 931 1087 vera
954 1020 1078 1103 origiue
1105 1020 1140 1085 in
1163 1020 1294 1086 dubium

178 1135 297 1195 vocata
320 1134 381 1212 est,
410 1126 467 1193 illa
490 1129 572 1193 ratio
596 1147 752 1193 conversa
781 1134 831 1194 est
854 1133 952 1211 atque
974 1127 1134 1213 posterior
1160 1127 1216 1193 ille
1238 1127 1294 1211 qui

180 1235 297 1302 dieitur
328 1240 440 1299 auctor
472 1233 629 1319 epitaphii
657 1234 848 1319 panegyrici
877 1234 1084 1319 expilationis
1112 1240 1293 1301 accusatus.

178 1344 221 1408 Et
252 1341 410 1428 profecto,
447 1341 474 1406 si
510 1342 667 1406 rationem
703 1340 845 1407 locorum
876 1340 1033 1426 ipsorum,
1070 1342 1125 1425 qui
1157 1361 1198 1406 ex
1228 1361 1293 1406 una

179 1450 325 1515 oratione
346 1449 381 1512 in
403 1448 537 1513 alteram
561 1448 711 1513 translati
734 1455 832 1531 atque
853 1447 969 1513 intexti
993 1454 1075 1532 suut,
1099 1454 1292 1533 spectamus,

179 1558 213 1621 in
250 1555 309 1620 illa
344 1555 535 1641 praesertim
573 1553 783 1620 similitudine
824 1554 952 1637 generis
994 1553 1122 1620 dicendi
1158 1560 1293 1638 uterque

180 1662 295 1730 eodem
317 1662 386 1728 iure
405 1668 513 1727 orator
535 1668 602 1727 tam
624 1682 682 1747 pro
702 1668 834 1728 auctore
857 1681 953 1745 qnam
974 1662 1136 1727 imitatore
1159 1662 1293 1728 alterius

1 1729 6 1754 l
32 1728 36 1758 l

33 1835 36 1847 ,
94 1858 98 1861 ι
179 1770 257 1855 poni
270 1789 367 1855 posse
381 1768 516 1835 videtur.
563 1767 654 1845 Quae
668 1788 740 1833 cum
753 1769 801 1833 ita
815 1769 888 1854 sint,
911 1767 1117 1835 nihilominus
1130 1775 1292 1855 postremo

178 1876 311 1942 tandem
338 1875 486 1941 Blassius
497 1876 521 1955 ι)
549 1876 633 1961 ipse,
670 1875 817 1959 quamvis
846 1882 944 1941 antea
971 1875 1164 1942 adversatus
1198 1882 1293 1961 esset,

178 1983 245 2049 illis
275 1982 464 2067 panegyrici
495 1982 576 2047 locis
609 1988 785 2047 commotus
817 1981 956 2066 priorem
989 1982 1105 2049 saltem
1134 1981 1293 2067 epitaphii

179 2096 321 2155 aetatem
335 2088 502 2155 concessit.
541 2087 650 2165 Quid?
665 2088 693 2154 si
707 2088 740 2153 in
755 2089 838 2173 ipsis
851 2109 979 2172 quoque
992 2089 1100 2155 verbis
1113 2088 1293 2174 desumptis

177 2204 287 2262 tamen
314 2216 411 2261 unum
437 2195 552 2261 saltem
580 2194 727 2277 quamvis
758 2214 894 2280 parvum
922 2195 1076 2261 indicium
1102 2196 1292 2262 imitationis

177 2304 213 2369 in
227 2303 423 2389 panegyrico
438 2302 631 2386 nativaeque
645 2301 765 2368 indolis
783 2302 818 2367 in
832 2300 996 2387 epitaphio
1011 2301 1290 2387 deprehendimus.

179 2410 298 2477 Orator
330 2410 414 2475 enim
447 2415 578 2474 nostrae
611 2408 828 2493 laudationis,
864 2414 1036 2492 postquam
1067 2408 1171 2474 cladis
1202 2408 1292 2474 illius

178 2516 224 2583 ad
254 2518 363 2601 Aegos
401 2516 518 2583 flumen
553 2514 804 2583 Atheniensibus
840 2515 953 2582 illatae
984 2514 1177 2582 mentionem
1207 2514 1293 2602 fecit

177 2623 241 2690 hoc
253 2622 349 2689 modo
363 2624 468 2708 pergit
482 2627 502 2704 ξ
516 2625 577 2690 59:
602 2622 728 2709 ἑτέρων
742 2620 931 2710 ἡγεμόνων
944 2628 1108 2709 γενομένων
1122 2622 1293 2710 ἐνίκησαν

1 2702 34 2774 αι’
85 2824 89 2831 ¹
179 2738 242 2819 μὲν
265 2741 546 2817 ναυμαχοῦντες.
592 2728 1291 2815 Totihuiclocosierespondetls.4‚ll9z

179 2842 255 2925 μετὰ
291 2841 348 2922 γὰρ
384 2842 440 2923 την
476 2837 508 2902 ἐν
541 2834 778 2923 Ἑλλησπόντῳ.
795 2842 959 2923 γενομένην
996 2836 1125 2923 ἀτυχίαν
1160 2835 1293 2922 ἑτέρων

179 2943 366 3031 ἡγεμόνων
388 2948 605 3009 καταστάντων
633 2944 806 3029 ἐνίκησαν
834 2948 895 3028 μὲν
925 2940 952 3008 οἱ
980 2945 1124 3028 βάρβαρα
1152 2966 1292 3030 ναυμα-

179 3060 342 3137 χοῦντες.
387 3050 548 3117 Isocrates
574 3049 673 3133 igitur
701 3048 900 3134 epitaphium
928 3048 1112 3115 exscribens
1138 3048 1293 3116 videlicet

178 3164 310 3245 propter
332 3158 476 3243 proxime
491 3156 690 3242 praecedens
714 3162 887 3244 γενομένην,
913 3156 1032 3241 quippe
1055 3154 1142 3239 quod
1161 3156 1293 3222 verbum

179 3265 214 3330 in
236 3264 293 3331 illa
316 3263 444 3349 quidem
466 3264 629 3330 iunctione
652 3265 733 3330 satis
756 3264 910 3329 usitatum
934 3282 974 3328 ae
997 3261 1106 3327 tritum
1129 3263 1179 3347 sit,
1202 3261 1292 3327 illam

180 3372 301 3456 Lysiae
323 3391 434 3438 rocem
459 3371 677 3455 commutavit,
706 3391 778 3436 cum
801 3390 819 3435 e
842 3369 1003 3435 contrario
1026 3368 1216 3453 compilator
1237 3368 1293 3435 ille

182 3480 237 3561 qui
260 3479 400 3544 creditur
414 3479 602 3563 panegyrici
625 3498 689 3543 non
711 3476 879 3543 habiturus
894 3475 999 3560 fuerit
1022 3496 1079 3541 cnr
1101 3476 1293 3541 contrariam

182 3587 461 3651 commutationem
484 3586 607 3652 laceret
628 3604 732 3668 neque
747 3585 846 3650 verba
868 3583 995 3666 integra
1018 3582 1184 3667 reciperet.
1222 3583 1293 3648 Huc

183 3692 319 3775 accedit,
342 3691 427 3775 quod
451 3693 484 3758 in
504 3692 606 3759 altera
629 3692 686 3756 illa
701 3689 858 3757 eiusmodi
881 3690 1044 3755 iunctione
1067 3689 1294 3756 sicutverhum

180 3812 370 3887 καταστῆναι
383 3800 489 3884 magis
503 3800 666 3885 Isocratis,
689 3799 735 3863 ita
749 3802 893 3882 γενέσθαι
910 3796 1017 3881 magis
1030 3796 1150 3880 Lysiae
1165 3795 1294 3880 quidem

180 3905 309 3971 videtur
336 3926 408 3972 esse
434 3908 606 3992 proprium.
652 3905 719 3973 Sed
747 3907 810 3971 hac
838 3904 912 3989 ipsa
944 3925 979 3970 re
1006 3923 1117 3970 rursus
1144 3904 1294 3970 reieimnr

181 4013 226 4079 ad
248 4013 411 4099 propriam
434 4021 577 4079 nostram
602 4012 785 4097 inquirendi
808 4012 977 4097 rationem,
1007 4031 1090 4095 quae
1111 4011 1220 4096 posita
1244 4019 1294 4078 est

26 4093 30 4102 ⁵
94 4120 98 4126 ’
180 4122 215 4187 in
238 4120 395 4206 epitaphii
417 4120 561 4204 Lysiana
589 4120 718 4204 quidem
740 4119 849 4187 indole
873 4118 1132 4185 demonstranda.
1177 4119 1292 4201 ltaque

180 4246 266 4293 nunc
294 4226 387 4310 quasi
416 4227 571 4293 ambabus
599 4226 650 4293 his
674 4225 916 4310 quaestionibus
944 4226 1028 4292 inter
1055 4246 1092 4292 se
1114 4224 1292 4294 coniunctis

256 4456 277 4529 ¹)
296 4457 347 4515 Die
366 4460 417 4519 att·
437 4458 543 4515 Bereds.
563 4457 646 4523 1112,
666 4476 692 4531 p.
712 4458 766 4515 339
783 4476 806 4515 s.
