<?xml version="1.0" encoding="UTF-8"?>
<!DOCTYPE html PUBLIC "-//W3C//DTD XHTML 1.0 Transitional//EN"
    "http://www.w3.org/TR/xhtml1/DTD/xhtml1-transitional.dtd">
<html xmlns="http://www.w3.org/1999/xhtml" xml:lang="en" lang="en">
 <head>
  <title>
</title>
<meta http-equiv="Content-Type" content="text/html;charset=utf-8" />
  <meta name='ocr-system' content='tesseract 3.04.00' />
  <meta name='ocr-capabilities' content='ocr_page ocr_carea ocr_par ocr_line ocrx_word'/>
</head>
<body>
  <div class='ocr_page' id='page_1' title='image "./delysiaeepitaph01thomgoog_0028.png"; bbox 0 0 3034 5067; ppageno 0'>
   <div class='ocr_carea' id='block_1_1' title="bbox 279 610 1398 1664">
    <p class='ocr_par' dir='ltr' id='par_1_1' title="bbox 279 610 1398 1664">
     <span class='ocr_line' id='line_1_1' title="bbox 280 610 1394 696; baseline -0.004 -17"><span class='ocrx_word' id='word_1_1' title='bbox 280 620 379 696; x_wconf 90' lang='lat' dir='ltr'>atque</span> <span class='ocrx_word' id='word_1_2' title='bbox 401 612 547 678; x_wconf 87' lang='lat' dir='ltr'>elocutus</span> <span class='ocrx_word' id='word_1_3' title='bbox 571 611 626 695; x_wconf 89' lang='lat' dir='ltr'>sit,</span> <span class='ocrx_word' id='word_1_4' title='bbox 655 630 738 677; x_wconf 90' lang='lat' dir='ltr'>nunc</span> <span class='ocrx_word' id='word_1_5' title='bbox 767 610 901 677; x_wconf 88' lang='lat' dir='ltr'>strictim</span> <span class='ocrx_word' id='word_1_6' title='bbox 928 616 1021 696; x_wconf 86' lang='lat' dir='ltr'>carpt</span> <span class='ocrx_word' id='word_1_7' title='bbox 1020 610 1128 694; x_wconf 87' lang='lat' dir='ltr'>imque</span> <span class='ocrx_word' id='word_1_8' title='bbox 1155 610 1265 677; x_wconf 88' lang='lat' dir='ltr'>dicore</span> <span class='ocrx_word' id='word_1_9' title='bbox 1288 610 1394 675; x_wconf 80' lang='lat' dir='ltr'>liceat</span> 
     </span>
     <span class='ocr_line' id='line_1_2' title="bbox 279 715 1395 804; baseline -0.004 -18"><span class='ocrx_word' id='word_1_10' title='bbox 279 719 327 786; x_wconf 81' lang='lat' dir='ltr'>Ac</span> <span class='ocrx_word' id='word_1_11' title='bbox 350 723 370 800; x_wconf 65' lang='grc' dir='ltr'><strong>ἓ</strong></span> <span class='ocrx_word' id='word_1_12' title='bbox 395 722 436 785; x_wconf 78' lang='grc'>72</span> <span class='ocrx_word' id='word_1_13' title='bbox 465 724 574 785; x_wconf 88' lang='lat' dir='ltr'>orator</span> <span class='ocrx_word' id='word_1_14' title='bbox 601 716 721 785; x_wconf 88' lang='lat' dir='ltr'>liberos</span> <span class='ocrx_word' id='word_1_15' title='bbox 750 717 928 784; x_wconf 86' lang='lat' dir='ltr'>occisorum</span> <span class='ocrx_word' id='word_1_16' title='bbox 955 715 1068 785; x_wconf 87' lang='lat' dir='ltr'>felices</span> <span class='ocrx_word' id='word_1_17' title='bbox 1094 716 1276 804; x_wconf 87' lang='lat' dir='ltr'>praedicat,</span> <span class='ocrx_word' id='word_1_18' title='bbox 1308 716 1395 800; x_wconf 88' lang='lat' dir='ltr'>quod</span> 
     </span>
     <span class='ocr_line' id='line_1_3' title="bbox 279 823 1396 912; baseline -0.004 -19"><span class='ocrx_word' id='word_1_19' title='bbox 279 826 420 893; x_wconf 89' lang='lat' dir='ltr'>iuniores</span> <span class='ocrx_word' id='word_1_20' title='bbox 444 824 516 911; x_wconf 87' lang='lat' dir='ltr'>sint,</span> <span class='ocrx_word' id='word_1_21' title='bbox 540 810 695 909; x_wconf 87' lang='lat' dir='ltr'>quamut</span> <span class='ocrx_word' id='word_1_22' title='bbox 710 824 825 910; x_wconf 87' lang='lat' dir='ltr'>sciant,</span> <span class='ocrx_word' id='word_1_23' title='bbox 847 823 915 892; x_wconf 78' lang='grc' dir='ltr'>σίων</span> <span class='ocrx_word' id='word_1_24' title='bbox 937 831 1070 910; x_wconf 74' lang='grc' dir='ltr'>πατέρων</span> <span class='ocrx_word' id='word_1_25' title='bbox 1094 824 1272 912; x_wconf 79' lang='grc' dir='ltr'><strong>ἐστέρηνται.</strong></span> <span class='ocrx_word' id='word_1_26' title='bbox 1305 823 1396 889; x_wconf 82' lang='lat' dir='ltr'><strong>Idem</strong></span> 
     </span>
     <span class='ocr_line' id='line_1_4' title="bbox 281 930 1397 1018; baseline -0.004 -18"><span class='ocrx_word' id='word_1_27' title='bbox 281 938 331 1017; x_wconf 88' lang='lat'>13,</span> <span class='ocrx_word' id='word_1_28' title='bbox 354 936 397 1000; x_wconf 88' lang='grc'>62</span> <span class='ocrx_word' id='word_1_29' title='bbox 421 932 509 1018; x_wconf 86' lang='lat' dir='ltr'>apud</span> <span class='ocrx_word' id='word_1_30' title='bbox 531 931 656 999; x_wconf 88' lang='lat' dir='ltr'>iudices</span> <span class='ocrx_word' id='word_1_31' title='bbox 678 930 805 1017; x_wconf 77' lang='lat' dir='ltr'>incipit:</span> <span class='ocrx_word' id='word_1_32' title='bbox 835 930 1056 999; x_wconf 81' lang='lat' dir='ltr'>demonstrare</span> <span class='ocrx_word' id='word_1_33' title='bbox 1077 932 1165 1017; x_wconf 91' lang='lat' dir='ltr'>volo,</span> <span class='ocrx_word' id='word_1_34' title='bbox 1193 931 1261 998; x_wconf 80' lang='grc' dir='ltr'>οἴων</span> <span class='ocrx_word' id='word_1_35' title='bbox 1285 931 1397 1017; x_wconf 80' lang='grc' dir='ltr'>ἀνδρῶν</span> 
     </span>
     <span class='ocr_line' id='line_1_5' title="bbox 279 1037 1395 1127; baseline -0.003 -20"><span class='ocrx_word' id='word_1_36' title='bbox 279 1041 494 1127; x_wconf 74' lang='grc' dir='ltr'>ἀπεστέρησθε.</span> <span class='ocrx_word' id='word_1_37' title='bbox 542 1040 698 1105; x_wconf 86' lang='lat' dir='ltr'>Parentes</span> <span class='ocrx_word' id='word_1_38' title='bbox 721 1058 798 1105; x_wconf 85' lang='lat' dir='ltr'>vero</span> <span class='ocrx_word' id='word_1_39' title='bbox 821 1045 1016 1106; x_wconf 87' lang='lat' dir='ltr'>mortuorum</span> <span class='ocrx_word' id='word_1_40' title='bbox 1038 1057 1211 1123; x_wconf 86' lang='lat' dir='ltr'>eorumque</span> <span class='ocrx_word' id='word_1_41' title='bbox 1234 1037 1395 1104; x_wconf 86' lang='lat' dir='ltr'>fortunam</span> 
     </span>
     <span class='ocr_line' id='line_1_6' title="bbox 279 1144 1398 1231; baseline -0.004 -17"><span class='ocrx_word' id='word_1_42' title='bbox 279 1147 521 1214; x_wconf 88' lang='lat' dir='ltr'>commiseratur</span> <span class='ocrx_word' id='word_1_43' title='bbox 552 1151 650 1230; x_wconf 88' lang='lat' dir='ltr'>atque</span> <span class='ocrx_word' id='word_1_44' title='bbox 680 1145 858 1230; x_wconf 75' lang='lat' dir='ltr'>complorat</span> <span class='ocrx_word' id='word_1_45' title='bbox 884 1146 1006 1231; x_wconf 87' lang='lat' dir='ltr'>pariter</span> <span class='ocrx_word' id='word_1_46' title='bbox 1038 1165 1078 1211; x_wconf 89' lang='lat' dir='ltr'>ac</span> <span class='ocrx_word' id='word_1_47' title='bbox 1108 1149 1136 1231; x_wconf 78' lang='lat'>7,</span> <span class='ocrx_word' id='word_1_48' title='bbox 1160 1147 1202 1211; x_wconf 84' lang='lat'>41</span> <span class='ocrx_word' id='word_1_49' title='bbox 1235 1145 1270 1211; x_wconf 92' lang='lat' dir='ltr'>in</span> <span class='ocrx_word' id='word_1_50' title='bbox 1298 1144 1398 1212; x_wconf 80' lang='lat' dir='ltr'>simili</span> 
     </span>
     <span class='ocr_line' id='line_1_7' title="bbox 279 1250 1398 1338; baseline -0.004 -17"><span class='ocrx_word' id='word_1_51' title='bbox 279 1254 452 1321; x_wconf 74' lang='lat' dir='ltr'>occasione</span> <span class='ocrx_word' id='word_1_52' title='bbox 478 1252 622 1319; x_wconf 86' lang='lat' dir='ltr'>rationes</span> <span class='ocrx_word' id='word_1_53' title='bbox 650 1251 836 1319; x_wconf 79' lang='lat' dir='ltr'>solitudinis</span> <span class='ocrx_word' id='word_1_54' title='bbox 867 1259 900 1319; x_wconf 89' lang='lat' dir='ltr'>et</span> <span class='ocrx_word' id='word_1_55' title='bbox 930 1251 1061 1338; x_wconf 84' lang='lat' dir='ltr'>inopiae</span> <span class='ocrx_word' id='word_1_56' title='bbox 1094 1271 1286 1319; x_wconf 88' lang='lat' dir='ltr'>memorans.</span> <span class='ocrx_word' id='word_1_57' title='bbox 1331 1250 1398 1317; x_wconf 83' lang='lat' dir='ltr'>Sed</span> 
     </span>
     <span class='ocr_line' id='line_1_8' title="bbox 279 1357 1398 1447; baseline -0.002 -20"><span class='ocrx_word' id='word_1_58' title='bbox 279 1362 362 1427; x_wconf 88' lang='lat' dir='ltr'>baec</span> <span class='ocrx_word' id='word_1_59' title='bbox 377 1360 484 1427; x_wconf 87' lang='lat' dir='ltr'>verbis</span> <span class='ocrx_word' id='word_1_60' title='bbox 500 1380 626 1444; x_wconf 88' lang='lat' dir='ltr'>quoque</span> <span class='ocrx_word' id='word_1_61' title='bbox 643 1357 820 1427; x_wconf 85' lang='lat' dir='ltr'>delectant:</span> <span class='ocrx_word' id='word_1_62' title='bbox 844 1362 866 1441; x_wconf 64' lang='grc' dir='ltr'><strong>ξ</strong></span> <span class='ocrx_word' id='word_1_63' title='bbox 884 1362 924 1426; x_wconf 78' lang='grc'>73</span> <span class='ocrx_word' id='word_1_64' title='bbox 947 1358 978 1425; x_wconf 81' lang='grc' dir='ltr'>ἐν</span> <span class='ocrx_word' id='word_1_65' title='bbox 997 1360 1029 1425; x_wconf 81' lang='grc' dir='ltr'>δὲ</span> <span class='ocrx_word' id='word_1_66' title='bbox 1043 1372 1085 1445; x_wconf 75' lang='grc' dir='ltr'>τῷ</span> <span class='ocrx_word' id='word_1_67' title='bbox 1099 1367 1179 1447; x_wconf 63' lang='grc' dir='ltr'>γήρα</span> <span class='ocrx_word' id='word_1_68' title='bbox 1201 1358 1398 1432; x_wconf 78' lang='grc' dir='ltr'>ἀδυνάτους</span> 
     </span>
     <span class='ocr_line' id='line_1_9' title="bbox 281 1466 1398 1571; baseline 0.002 -40"><span class='ocrx_word' id='word_1_69' title='bbox 281 1473 332 1555; x_wconf 80' lang='grc' dir='ltr'>μὲν</span> <span class='ocrx_word' id='word_1_70' title='bbox 354 1467 425 1535; x_wconf 80' lang='grc' dir='ltr'>εἶναι</span> <span class='ocrx_word' id='word_1_71' title='bbox 451 1480 497 1553; x_wconf 79' lang='grc' dir='ltr'>τῷ</span> <span class='ocrx_word' id='word_1_72' title='bbox 528 1472 678 1571; x_wconf 81' lang='grc' dir='ltr'>σῶρατι,</span> <span class='ocrx_word' id='word_1_73' title='bbox 711 1479 832 1533; x_wconf 86' lang='grc' dir='ltr'>πασῶν</span> <span class='ocrx_word' id='word_1_74' title='bbox 864 1466 1212 1555; x_wconf 78' lang='grc' dir='ltr'>δ’ἀπεστερημὲνοως</span> <span class='ocrx_word' id='word_1_75' title='bbox 1242 1480 1306 1534; x_wconf 84' lang='grc' dir='ltr'>τῶν</span> <span class='ocrx_word' id='word_1_76' title='bbox 1338 1468 1398 1533; x_wconf 80' lang='grc' dir='ltr'>ἐλ-</span> 
     </span>
     <span class='ocr_line' id='line_1_10' title="bbox 280 1572 1386 1664; baseline 0 -25"><span class='ocrx_word' id='word_1_77' title='bbox 280 1578 386 1641; x_wconf 84' lang='grc' dir='ltr'>πίδων</span> <span class='ocrx_word' id='word_1_78' title='bbox 410 1574 598 1664; x_wconf 78' lang='grc' dir='ltr'>αφίλοωςκαι</span> <span class='ocrx_word' id='word_1_79' title='bbox 613 1574 778 1660; x_wconf 64' lang='grc' dir='ltr'>ἀπόρους</span> <span class='ocrx_word' id='word_1_80' title='bbox 799 1580 958 1658; x_wconf 71' lang='grc' dir='ltr'>γεγονέναι,</span> <span class='ocrx_word' id='word_1_81' title='bbox 982 1577 1087 1660; x_wconf 85' lang='grc'>31,12</span> <span class='ocrx_word' id='word_1_82' title='bbox 1110 1572 1177 1641; x_wconf 75' lang='grc' dir='ltr'>οὔτε</span> <span class='ocrx_word' id='word_1_83' title='bbox 1200 1588 1245 1660; x_wconf 77' lang='grc' dir='ltr'>τῷ</span> <span class='ocrx_word' id='word_1_84' title='bbox 1265 1580 1386 1661; x_wconf 84' lang='grc' dir='ltr'>σῶματ</span> 
     </span>
    </p>
   </div>
   <div class='ocr_carea' id='block_1_2' title="bbox 281 1668 1398 1876">
    <p class='ocr_par' dir='ltr' id='par_1_2' title="bbox 281 1668 1398 1876">
     <span class='ocr_line' id='line_1_11' title="bbox 282 1668 1398 1768; baseline -0.001 -22"><span class='ocrx_word' id='word_1_85' title='bbox 282 1668 525 1756; x_wconf 79' lang='grc' dir='ltr'>ἆδθνατσς-</span> <span class='ocrx_word' id='word_1_86' title='bbox 559 1679 626 1748; x_wconf 75' lang='lat' dir='ltr'>cirre</span> <span class='ocrx_word' id='word_1_87' title='bbox 651 1693 695 1768; x_wconf 73' lang='grc' dir='ltr'>τῇ</span> <span class='ocrx_word' id='word_1_88' title='bbox 727 1678 813 1766; x_wconf 70' lang='grc' dir='ltr'>οὐσία</span> <span class='ocrx_word' id='word_1_89' title='bbox 843 1680 992 1767; x_wconf 81' lang='grc' dir='ltr'>ἄπορος,</span> <span class='ocrx_word' id='word_1_90' title='bbox 1028 1684 1079 1766; x_wconf 92' lang='grc'>12,</span> <span class='ocrx_word' id='word_1_91' title='bbox 1103 1684 1146 1748; x_wconf 78' lang='lat'>70</span> <span class='ocrx_word' id='word_1_92' title='bbox 1176 1694 1298 1748; x_wconf 84' lang='grc' dir='ltr'>πασῶν</span> <span class='ocrx_word' id='word_1_93' title='bbox 1331 1693 1398 1747; x_wconf 89' lang='grc' dir='ltr'>τῶν</span> 
     </span>
     <span class='ocr_line' id='line_1_12' title="bbox 281 1786 1395 1876; baseline 0 -23"><span class='ocrx_word' id='word_1_94' title='bbox 281 1788 433 1855; x_wconf 76' lang='grc' dir='ltr'>ἐλπίδων</span> <span class='ocrx_word' id='word_1_95' title='bbox 454 1789 817 1876; x_wconf 76' lang='grc' dir='ltr'>ἀποστερηθήσεσθε</span> <span class='ocrx_word' id='word_1_96' title='bbox 846 1786 885 1853; x_wconf 68' lang='grc' dir='ltr'>οἱ</span> <span class='ocrx_word' id='word_1_97' title='bbox 908 1790 961 1872; x_wconf 91' lang='grc'>31,</span> <span class='ocrx_word' id='word_1_98' title='bbox 986 1790 1035 1854; x_wconf 89' lang='grc'>11.</span> <span class='ocrx_word' id='word_1_99' title='bbox 1063 1790 1115 1873; x_wconf 95' lang='grc'>24,</span> <span class='ocrx_word' id='word_1_100' title='bbox 1142 1790 1182 1855; x_wconf 91' lang='grc'>16</span> <span class='ocrx_word' id='word_1_101' title='bbox 1211 1794 1244 1855; x_wconf 83' lang='lat' dir='ltr'>et</span> <span class='ocrx_word' id='word_1_102' title='bbox 1265 1790 1318 1873; x_wconf 84' lang='lat'>31</span> <span class='ocrx_word' id='word_1_103' title='bbox 1344 1790 1395 1853; x_wconf 80' lang='lat' dir='ltr'>lb.</span> 
     </span>
    </p>
   </div>
   <div class='ocr_carea' id='block_1_3' title="bbox 282 1894 1403 2944">
    <p class='ocr_par' dir='ltr' id='par_1_3' title="bbox 282 1894 1403 2944">
     <span class='ocr_line' id='line_1_13' title="bbox 282 1894 1398 1981; baseline -0.003 -19"><span class='ocrx_word' id='word_1_104' title='bbox 282 1897 335 1981; x_wconf 87' lang='grc'>24,</span> <span class='ocrx_word' id='word_1_105' title='bbox 356 1897 387 1961; x_wconf 89' lang='grc'>4.</span> <span class='ocrx_word' id='word_1_106' title='bbox 432 1894 497 1962; x_wconf 84' lang='lat' dir='ltr'>Sed</span> <span class='ocrx_word' id='word_1_107' title='bbox 523 1894 575 1960; x_wconf 90' lang='lat' dir='ltr'>hic</span> <span class='ocrx_word' id='word_1_108' title='bbox 601 1914 711 1961; x_wconf 87' lang='lat' dir='ltr'>rursus</span> <span class='ocrx_word' id='word_1_109' title='bbox 739 1900 969 1979; x_wconf 88' lang='lat' dir='ltr'>componantur</span> <span class='ocrx_word' id='word_1_110' title='bbox 995 1898 1017 1977; x_wconf 63' lang='grc' dir='ltr'><strong>ς</strong></span> <span class='ocrx_word' id='word_1_111' title='bbox 1040 1894 1082 1961; x_wconf 81' lang='lat'>53</span> <span class='ocrx_word' id='word_1_112' title='bbox 1111 1900 1144 1960; x_wconf 87' lang='lat' dir='ltr'>et</span> <span class='ocrx_word' id='word_1_113' title='bbox 1172 1896 1222 1980; x_wconf 92' lang='grc'>10,</span> <span class='ocrx_word' id='word_1_114' title='bbox 1246 1897 1303 1961; x_wconf 80' lang='lat'>29:</span> <span class='ocrx_word' id='word_1_115' title='bbox 1335 1906 1398 1968; x_wconf 83' lang='grc' dir='ltr'>τοῖς</span> 
     </span>
     <span class='ocr_line' id='line_1_14' title="bbox 282 2001 1399 2089; baseline 0.002 -24"><span class='ocrx_word' id='word_1_116' title='bbox 282 2002 364 2089; x_wconf 75' lang='grc' dir='ltr'>(μὲν)</span> <span class='ocrx_word' id='word_1_117' title='bbox 401 2008 536 2089; x_wconf 71' lang='lat' dir='ltr'>copae</span> <span class='ocrx_word' id='word_1_118' title='bbox 573 2004 749 2068; x_wconf 73' lang='grc' dir='ltr'>δίνασθατ</span> <span class='ocrx_word' id='word_1_119' title='bbox 782 2038 824 2051; x_wconf 91' lang='grc'>-</span> <span class='ocrx_word' id='word_1_120' title='bbox 856 2012 922 2074; x_wconf 84' lang='grc' dir='ltr'>ταῖς</span> <span class='ocrx_word' id='word_1_121' title='bbox 957 2003 988 2066; x_wconf 82' lang='grc' dir='ltr'>δὲ</span> <span class='ocrx_word' id='word_1_122' title='bbox 1025 2007 1143 2088; x_wconf 78' lang='grc' dir='ltr'><strong>ψυχαῖς.</strong></span> <span class='ocrx_word' id='word_1_123' title='bbox 1195 2001 1238 2067; x_wconf 89' lang='lat' dir='ltr'>Is.</span> <span class='ocrx_word' id='word_1_124' title='bbox 1272 2003 1323 2086; x_wconf 89' lang='grc'>16,</span> <span class='ocrx_word' id='word_1_125' title='bbox 1354 2003 1399 2067; x_wconf 83' lang='grc'>33</span> 
     </span>
     <span class='ocr_line' id='line_1_15' title="bbox 283 2106 1398 2196; baseline -0.002 -21"><span class='ocrx_word' id='word_1_126' title='bbox 283 2106 548 2196; x_wconf 81' lang='grc' dir='ltr'>ἀῤῥωστότερσς</span> <span class='ocrx_word' id='word_1_127' title='bbox 574 2133 599 2175; x_wconf 92' lang='grc' dir='ltr'>τ.</span> <span class='ocrx_word' id='word_1_128' title='bbox 623 2132 649 2173; x_wconf 88' lang='grc' dir='ltr'>σ.</span> <span class='ocrx_word' id='word_1_129' title='bbox 696 2108 810 2192; x_wconf 85' lang='lat' dir='ltr'>Neque</span> <span class='ocrx_word' id='word_1_130' title='bbox 836 2128 914 2176; x_wconf 84' lang='lat' dir='ltr'>vero</span> <span class='ocrx_word' id='word_1_131' title='bbox 940 2128 1027 2174; x_wconf 90' lang='lat' dir='ltr'>mors</span> <span class='ocrx_word' id='word_1_132' title='bbox 1054 2127 1246 2191; x_wconf 87' lang='lat' dir='ltr'>suorumque</span> <span class='ocrx_word' id='word_1_133' title='bbox 1274 2106 1398 2174; x_wconf 79' lang='lat' dir='ltr'>orbitas</span> 
     </span>
     <span class='ocr_line' id='line_1_16' title="bbox 283 2214 1400 2299; baseline -0.004 -16"><span class='ocrx_word' id='word_1_134' title='bbox 283 2237 323 2283; x_wconf 89' lang='lat' dir='ltr'>ac</span> <span class='ocrx_word' id='word_1_135' title='bbox 350 2216 489 2283; x_wconf 93' lang='lat' dir='ltr'>solitudo</span> <span class='ocrx_word' id='word_1_136' title='bbox 518 2222 693 2283; x_wconf 73' lang='lat' dir='ltr'>esbernum</span> <span class='ocrx_word' id='word_1_137' title='bbox 720 2214 849 2282; x_wconf 85' lang='lat' dir='ltr'>ridetur</span> <span class='ocrx_word' id='word_1_138' title='bbox 876 2234 950 2283; x_wconf 88' lang='lat' dir='ltr'>esse</span> <span class='ocrx_word' id='word_1_139' title='bbox 977 2215 1143 2281; x_wconf 88' lang='lat' dir='ltr'>malorum.</span> <span class='ocrx_word' id='word_1_140' title='bbox 1187 2214 1241 2281; x_wconf 88' lang='lat' dir='ltr'>Or.</span> <span class='ocrx_word' id='word_1_141' title='bbox 1268 2214 1400 2299; x_wconf 88' lang='lat' dir='ltr'>quidem</span> 
     </span>
     <span class='ocr_line' id='line_1_17' title="bbox 284 2321 1403 2409; baseline -0.003 -19"><span class='ocrx_word' id='word_1_142' title='bbox 284 2326 337 2409; x_wconf 90' lang='grc'>21,</span> <span class='ocrx_word' id='word_1_143' title='bbox 359 2326 402 2389; x_wconf 91' lang='grc'>24</span> <span class='ocrx_word' id='word_1_144' title='bbox 425 2343 545 2391; x_wconf 84' lang='lat' dir='ltr'>causae</span> <span class='ocrx_word' id='word_1_145' title='bbox 577 2342 655 2389; x_wconf 87' lang='lat' dir='ltr'>suae</span> <span class='ocrx_word' id='word_1_146' title='bbox 683 2322 834 2390; x_wconf 85' lang='lat' dir='ltr'>defensor</span> <span class='ocrx_word' id='word_1_147' title='bbox 862 2322 943 2387; x_wconf 87' lang='lat' dir='ltr'>nihil</span> <span class='ocrx_word' id='word_1_148' title='bbox 965 2321 1108 2389; x_wconf 72' lang='lat' dir='ltr'>terribile</span> <span class='ocrx_word' id='word_1_149' title='bbox 1137 2342 1173 2389; x_wconf 88' lang='lat' dir='ltr'>se</span> <span class='ocrx_word' id='word_1_150' title='bbox 1196 2322 1403 2389; x_wconf 82' lang='lat' dir='ltr'>existimasse</span> 
     </span>
     <span class='ocr_line' id='line_1_18' title="bbox 283 2429 1398 2516; baseline -0.001 -20"><span class='ocrx_word' id='word_1_151' title='bbox 283 2430 464 2516; x_wconf 89' lang='lat' dir='ltr'>praedicat,</span> <span class='ocrx_word' id='word_1_152' title='bbox 493 2430 522 2497; x_wconf 93' lang='lat' dir='ltr'>si</span> <span class='ocrx_word' id='word_1_153' title='bbox 548 2450 606 2516; x_wconf 91' lang='lat' dir='ltr'>pro</span> <span class='ocrx_word' id='word_1_154' title='bbox 630 2430 738 2516; x_wconf 90' lang='lat' dir='ltr'>patria</span> <span class='ocrx_word' id='word_1_155' title='bbox 760 2436 905 2497; x_wconf 90' lang='lat' dir='ltr'>mortuos</span> <span class='ocrx_word' id='word_1_156' title='bbox 933 2450 1010 2497; x_wconf 89' lang='lat' dir='ltr'>snos</span> <span class='ocrx_word' id='word_1_157' title='bbox 1032 2435 1126 2515; x_wconf 82' lang='lat' dir='ltr'>patre</span> <span class='ocrx_word' id='word_1_158' title='bbox 1149 2431 1281 2496; x_wconf 89' lang='lat' dir='ltr'>orbatos</span> <span class='ocrx_word' id='word_1_159' title='bbox 1304 2429 1398 2496; x_wconf 88' lang='lat' dir='ltr'>relin-</span> 
     </span>
     <span class='ocr_line' id='line_1_19' title="bbox 284 2536 1401 2623; baseline -0.002 -20"><span class='ocrx_word' id='word_1_160' title='bbox 284 2543 409 2623; x_wconf 89' lang='lat' dir='ltr'>queret,</span> <span class='ocrx_word' id='word_1_161' title='bbox 441 2537 500 2604; x_wconf 91' lang='lat' dir='ltr'>sed</span> <span class='ocrx_word' id='word_1_162' title='bbox 526 2537 635 2622; x_wconf 87' lang='lat' dir='ltr'>potius</span> <span class='ocrx_word' id='word_1_163' title='bbox 663 2537 691 2604; x_wconf 92' lang='lat' dir='ltr'>si</span> <span class='ocrx_word' id='word_1_164' title='bbox 718 2538 854 2622; x_wconf 87' lang='lat' dir='ltr'>turpiter</span> <span class='ocrx_word' id='word_1_165' title='bbox 885 2543 1033 2604; x_wconf 85' lang='lat' dir='ltr'>servatus</span> <span class='ocrx_word' id='word_1_166' title='bbox 1060 2537 1123 2603; x_wconf 88' lang='lat' dir='ltr'>sibi</span> <span class='ocrx_word' id='word_1_167' title='bbox 1151 2536 1280 2620; x_wconf 90' lang='lat' dir='ltr'>illisque</span> <span class='ocrx_word' id='word_1_168' title='bbox 1309 2537 1401 2620; x_wconf 81' lang='lat' dir='ltr'>igno·</span> 
     </span>
     <span class='ocr_line' id='line_1_20' title="bbox 283 2643 1401 2729; baseline -0.002 -18"><span class='ocrx_word' id='word_1_169' title='bbox 283 2644 416 2711; x_wconf 90' lang='lat' dir='ltr'>miniam</span> <span class='ocrx_word' id='word_1_170' title='bbox 429 2644 619 2729; x_wconf 86' lang='lat' dir='ltr'>iniungeret</span> <span class='ocrx_word' id='word_1_171' title='bbox 665 2644 707 2710; x_wconf 81' lang='lat' dir='ltr'>nt</span> <span class='ocrx_word' id='word_1_172' title='bbox 722 2644 870 2711; x_wconf 88' lang='lat' dir='ltr'>similiter</span> <span class='ocrx_word' id='word_1_173' title='bbox 887 2648 908 2725; x_wconf 71' lang='grc'>,8,</span> <span class='ocrx_word' id='word_1_174' title='bbox 923 2647 965 2711; x_wconf 84' lang='grc'>36</span> <span class='ocrx_word' id='word_1_175' title='bbox 979 2643 1116 2711; x_wconf 80' lang='lat' dir='ltr'>Graecis</span> <span class='ocrx_word' id='word_1_176' title='bbox 1129 2644 1219 2729; x_wconf 88' lang='lat' dir='ltr'>apud</span> <span class='ocrx_word' id='word_1_177' title='bbox 1232 2643 1401 2709; x_wconf 87' lang='lat' dir='ltr'>Salamina</span> 
     </span>
     <span class='ocr_line' id='line_1_21' title="bbox 287 2750 1400 2837; baseline 0 -20"><span class='ocrx_word' id='word_1_178' title='bbox 287 2751 514 2818; x_wconf 85' lang='lat' dir='ltr'>dimicantibus</span> <span class='ocrx_word' id='word_1_179' title='bbox 542 2750 705 2817; x_wconf 89' lang='lat' dir='ltr'>minimum</span> <span class='ocrx_word' id='word_1_180' title='bbox 737 2750 865 2817; x_wconf 87' lang='lat' dir='ltr'>videtur</span> <span class='ocrx_word' id='word_1_181' title='bbox 897 2771 971 2818; x_wconf 89' lang='lat' dir='ltr'>esse</span> <span class='ocrx_word' id='word_1_182' title='bbox 998 2751 1118 2817; x_wconf 88' lang='lat' dir='ltr'>malum</span> <span class='ocrx_word' id='word_1_183' title='bbox 1145 2758 1279 2817; x_wconf 86' lang='lat' dir='ltr'>mortem</span> <span class='ocrx_word' id='word_1_184' title='bbox 1307 2771 1400 2837; x_wconf 91' lang='lat' dir='ltr'>prae-</span> 
     </span>
     <span class='ocr_line' id='line_1_22' title="bbox 285 2856 1401 2944; baseline -0.002 -17"><span class='ocrx_word' id='word_1_185' title='bbox 285 2866 409 2927; x_wconf 90' lang='lat' dir='ltr'>sentem</span> <span class='ocrx_word' id='word_1_186' title='bbox 436 2858 565 2943; x_wconf 88' lang='lat' dir='ltr'>intueri,</span> <span class='ocrx_word' id='word_1_187' title='bbox 598 2857 770 2925; x_wconf 87' lang='lat' dir='ltr'>calamitas</span> <span class='ocrx_word' id='word_1_188' title='bbox 796 2856 963 2944; x_wconf 81' lang='lat' dir='ltr'>marimo,¹</span> <span class='ocrx_word' id='word_1_189' title='bbox 984 2878 1069 2941; x_wconf 82' lang='lat' dir='ltr'>quae</span> <span class='ocrx_word' id='word_1_190' title='bbox 1097 2878 1173 2925; x_wconf 91' lang='lat' dir='ltr'>suos</span> <span class='ocrx_word' id='word_1_191' title='bbox 1205 2878 1227 2923; x_wconf 93' lang='lat' dir='ltr'>a</span> <span class='ocrx_word' id='word_1_192' title='bbox 1253 2858 1401 2925; x_wconf 86' lang='lat' dir='ltr'>barbaris</span> 
     </span>
    </p>
   </div>
   <div class='ocr_carea' id='block_1_4' title="bbox 1503 529 1506 652">
    <p class='ocr_par' dir='ltr' id='par_1_4' title="bbox 1503 517 1506 652">
     <span class='ocr_line' id='line_1_23' title="bbox 1503 529 1506 652; baseline 0 0"><span class='ocrx_word' id='word_1_193' title='bbox 1503 529 1506 652; x_wconf 87' lang='lat' dir='ltr'>l</span> 
     </span>
    </p>
   </div>
   <div class='ocr_carea' id='block_1_5' title="bbox 284 2953 1511 3050">
    <p class='ocr_par' dir='ltr' id='par_1_5' title="bbox 284 2953 1511 3050">
     <span class='ocr_line' id='line_1_24' title="bbox 284 2953 1511 3050; baseline -0.001 -18"><span class='ocrx_word' id='word_1_194' title='bbox 284 2965 460 3033; x_wconf 86' lang='lat' dir='ltr'>victoribus</span> <span class='ocrx_word' id='word_1_195' title='bbox 474 2970 663 3050; x_wconf 88' lang='lat' dir='ltr'>accepturos</span> <span class='ocrx_word' id='word_1_196' title='bbox 678 2971 878 3050; x_wconf 83' lang='lat' dir='ltr'>exspectant.</span> <span class='ocrx_word' id='word_1_197' title='bbox 924 2964 990 3032; x_wconf 85' lang='lat' dir='ltr'>Sed</span> <span class='ocrx_word' id='word_1_198' title='bbox 1004 2964 1155 3049; x_wconf 90' lang='lat' dir='ltr'>quoniam</span> <span class='ocrx_word' id='word_1_199' title='bbox 1172 2985 1265 3031; x_wconf 90' lang='lat' dir='ltr'>omne</span> <span class='ocrx_word' id='word_1_200' title='bbox 1279 2965 1402 3033; x_wconf 91' lang='lat' dir='ltr'>bellum</span> <span class='ocrx_word' id='word_1_201' title='bbox 1510 2953 1511 2970; x_wconf 56' lang='lat'><em>²</em></span> 
     </span>
    </p>
   </div>
   <div class='ocr_carea' id='block_1_6' title="bbox 284 3071 1404 4553">
    <p class='ocr_par' dir='ltr' id='par_1_6' title="bbox 284 3071 1404 4553">
     <span class='ocr_line' id='line_1_25' title="bbox 285 3071 1402 3158; baseline -0.003 -19"><span class='ocrx_word' id='word_1_202' title='bbox 285 3073 327 3141; x_wconf 93' lang='lat' dir='ltr'>de</span> <span class='ocrx_word' id='word_1_203' title='bbox 350 3072 481 3140; x_wconf 87' lang='lat' dir='ltr'>summis</span> <span class='ocrx_word' id='word_1_204' title='bbox 493 3072 582 3138; x_wconf 82' lang='lat' dir='ltr'>vitae</span> <span class='ocrx_word' id='word_1_205' title='bbox 597 3072 689 3139; x_wconf 89' lang='lat' dir='ltr'>bonis</span> <span class='ocrx_word' id='word_1_206' title='bbox 705 3072 835 3158; x_wconf 79' lang='lat' dir='ltr'>geritur,</span> <span class='ocrx_word' id='word_1_207' title='bbox 857 3072 973 3138; x_wconf 89' lang='lat' dir='ltr'>mortui</span> <span class='ocrx_word' id='word_1_208' title='bbox 994 3071 1151 3158; x_wconf 87' lang='lat' dir='ltr'>epitaphii</span> <span class='ocrx_word' id='word_1_209' title='bbox 1175 3074 1253 3153; x_wconf 70' lang='lat' dir='ltr'>§uo</span> <span class='ocrx_word' id='word_1_210' title='bbox 1275 3072 1402 3157; x_wconf 89' lang='lat' dir='ltr'>pericli·</span> 
     </span>
     <span class='ocr_line' id='line_1_26' title="bbox 284 3176 1401 3267; baseline -0.001 -21"><span class='ocrx_word' id='word_1_211' title='bbox 284 3178 345 3246; x_wconf 90' lang='lat' dir='ltr'>tati</span> <span class='ocrx_word' id='word_1_212' title='bbox 368 3200 441 3247; x_wconf 89' lang='lat' dir='ltr'>esse</span> <span class='ocrx_word' id='word_1_213' title='bbox 457 3179 605 3246; x_wconf 87' lang='lat' dir='ltr'>dicuntur</span> <span class='ocrx_word' id='word_1_214' title='bbox 627 3176 698 3265; x_wconf 69' lang='grc' dir='ltr'>ὑπὲρ</span> <span class='ocrx_word' id='word_1_215' title='bbox 716 3180 860 3267; x_wconf 71' lang='grc' dir='ltr'>μεγίστων</span> <span class='ocrx_word' id='word_1_216' title='bbox 875 3184 927 3245; x_wconf 78' lang='grc' dir='ltr'>καὶ</span> <span class='ocrx_word' id='word_1_217' title='bbox 941 3180 1117 3247; x_wconf 77' lang='grc' dir='ltr'>καλλίστων.</span> <span class='ocrx_word' id='word_1_218' title='bbox 1163 3179 1276 3264; x_wconf 88' lang='lat' dir='ltr'>Aequo</span> <span class='ocrx_word' id='word_1_219' title='bbox 1292 3180 1344 3264; x_wconf 90' lang='grc'>24,</span> <span class='ocrx_word' id='word_1_220' title='bbox 1358 3181 1401 3245; x_wconf 86' lang='grc'>23</span> 
     </span>
     <span class='ocr_line' id='line_1_27' title="bbox 286 3284 1402 3370; baseline -0.002 -17"><span class='ocrx_word' id='word_1_221' title='bbox 286 3286 422 3354; x_wconf 87' lang='lat' dir='ltr'>claudus</span> <span class='ocrx_word' id='word_1_222' title='bbox 450 3284 505 3352; x_wconf 92' lang='lat' dir='ltr'>ille</span> <span class='ocrx_word' id='word_1_223' title='bbox 527 3286 621 3352; x_wconf 90' lang='lat' dir='ltr'>homo</span> <span class='ocrx_word' id='word_1_224' title='bbox 650 3306 722 3352; x_wconf 91' lang='lat' dir='ltr'>cum</span> <span class='ocrx_word' id='word_1_225' title='bbox 746 3286 932 3370; x_wconf 85' lang='lat' dir='ltr'>granditate</span> <span class='ocrx_word' id='word_1_226' title='bbox 953 3284 1096 3370; x_wconf 82' lang='lat' dir='ltr'>quadarn</span> <span class='ocrx_word' id='word_1_227' title='bbox 1117 3286 1241 3353; x_wconf 89' lang='lat' dir='ltr'>comica</span> <span class='ocrx_word' id='word_1_228' title='bbox 1265 3286 1402 3370; x_wconf 89' lang='lat' dir='ltr'>loquens</span> 
     </span>
     <span class='ocr_line' id='line_1_28' title="bbox 285 3392 1403 3479; baseline -0.002 -19"><span class='ocrx_word' id='word_1_229' title='bbox 285 3396 493 3479; x_wconf 86' lang='lat' dir='ltr'>lamentatur,</span> <span class='ocrx_word' id='word_1_230' title='bbox 522 3392 609 3477; x_wconf 88' lang='lat' dir='ltr'>quod</span> <span class='ocrx_word' id='word_1_231' title='bbox 637 3392 824 3459; x_wconf 89' lang='lat' dir='ltr'>calamitate</span> <span class='ocrx_word' id='word_1_232' title='bbox 852 3394 983 3460; x_wconf 89' lang='lat' dir='ltr'>orbatus</span> <span class='ocrx_word' id='word_1_233' title='bbox 1011 3394 1054 3460; x_wconf 91' lang='lat' dir='ltr'>sit</span> <span class='ocrx_word' id='word_1_234' title='bbox 1080 3405 1136 3460; x_wconf 90' lang='grc' dir='ltr'>τῶν</span> <span class='ocrx_word' id='word_1_235' title='bbox 1162 3396 1327 3460; x_wconf 75' lang='grc' dir='ltr'>καλλίστων</span> <span class='ocrx_word' id='word_1_236' title='bbox 1349 3397 1403 3459; x_wconf 77' lang='grc' dir='ltr'>ταὶ</span> 
     </span>
     <span class='ocr_line' id='line_1_29' title="bbox 287 3499 1401 3589; baseline -0.001 -23"><span class='ocrx_word' id='word_1_237' title='bbox 287 3502 438 3589; x_wconf 71' lang='grc' dir='ltr'>μεγίστων.</span> <span class='ocrx_word' id='word_1_238' title='bbox 484 3500 565 3566; x_wconf 85' lang='lat' dir='ltr'>Xon.</span> <span class='ocrx_word' id='word_1_239' title='bbox 588 3499 670 3569; x_wconf 87' lang='lat' dir='ltr'>Hcll</span> <span class='ocrx_word' id='word_1_240' title='bbox 694 3500 747 3587; x_wconf 77' lang='lat' dir='ltr'>IV,</span> <span class='ocrx_word' id='word_1_241' title='bbox 771 3503 801 3587; x_wconf 88' lang='lat'>4,</span> <span class='ocrx_word' id='word_1_242' title='bbox 824 3503 844 3568; x_wconf 89' lang='grc'><strong>6</strong></span> <span class='ocrx_word' id='word_1_243' title='bbox 867 3525 891 3565; x_wconf 89' lang='grc' dir='ltr'>τ.</span> <span class='ocrx_word' id='word_1_244' title='bbox 912 3525 941 3566; x_wconf 81' lang='grc' dir='ltr'>κ.</span> <span class='ocrx_word' id='word_1_245' title='bbox 957 3525 1034 3589; x_wconf 76' lang='grc' dir='ltr'>στρ.</span> <span class='ocrx_word' id='word_1_246' title='bbox 1058 3502 1215 3583; x_wconf 69' lang='grc' dir='ltr'>ἀγαθῶν.</span> <span class='ocrx_word' id='word_1_247' title='bbox 1259 3501 1304 3568; x_wconf 85' lang='lat' dir='ltr'>Ut</span> <span class='ocrx_word' id='word_1_248' title='bbox 1325 3519 1401 3566; x_wconf 85' lang='lat' dir='ltr'>vero</span> 
     </span>
     <span class='ocr_line' id='line_1_30' title="bbox 287 3607 1402 3692; baseline -0.002 -19"><span class='ocrx_word' id='word_1_249' title='bbox 287 3610 321 3673; x_wconf 92' lang='lat' dir='ltr'>in</span> <span class='ocrx_word' id='word_1_250' title='bbox 349 3607 463 3674; x_wconf 89' lang='lat' dir='ltr'>eodem</span> <span class='ocrx_word' id='word_1_251' title='bbox 495 3607 563 3673; x_wconf 84' lang='lat' dir='ltr'>fere</span> <span class='ocrx_word' id='word_1_252' title='bbox 590 3614 778 3692; x_wconf 82' lang='lat' dir='ltr'>argumento</span> <span class='ocrx_word' id='word_1_253' title='bbox 809 3614 908 3691; x_wconf 89' lang='lat' dir='ltr'>atque</span> <span class='ocrx_word' id='word_1_254' title='bbox 934 3607 1116 3691; x_wconf 88' lang='lat' dir='ltr'>inquirendi</span> <span class='ocrx_word' id='word_1_255' title='bbox 1148 3607 1203 3674; x_wconf 86' lang='lat' dir='ltr'>filo</span> <span class='ocrx_word' id='word_1_256' title='bbox 1231 3612 1402 3673; x_wconf 89' lang='lat' dir='ltr'>versantes</span> 
     </span>
     <span class='ocr_line' id='line_1_31' title="bbox 286 3713 1400 3801; baseline -0.001 -21"><span class='ocrx_word' id='word_1_257' title='bbox 286 3720 461 3801; x_wconf 87' lang='lat' dir='ltr'>praccepta</span> <span class='ocrx_word' id='word_1_258' title='bbox 484 3713 645 3798; x_wconf 80' lang='lat' dir='ltr'>quaedam</span> <span class='ocrx_word' id='word_1_259' title='bbox 672 3721 770 3799; x_wconf 90' lang='lat' dir='ltr'>atque</span> <span class='ocrx_word' id='word_1_260' title='bbox 798 3714 886 3781; x_wconf 88' lang='lat' dir='ltr'>dicta</span> <span class='ocrx_word' id='word_1_261' title='bbox 913 3736 1018 3781; x_wconf 87' lang='lat' dir='ltr'>rerum</span> <span class='ocrx_word' id='word_1_262' title='bbox 1045 3736 1105 3782; x_wconf 89' lang='lat' dir='ltr'>usn</span> <span class='ocrx_word' id='word_1_263' title='bbox 1133 3716 1308 3782; x_wconf 86' lang='lat' dir='ltr'>observata</span> <span class='ocrx_word' id='word_1_264' title='bbox 1328 3735 1400 3800; x_wconf 87' lang='lat' dir='ltr'>per-</span> 
     </span>
     <span class='ocr_line' id='line_1_32' title="bbox 288 3821 1402 3908; baseline -0.002 -19"><span class='ocrx_word' id='word_1_265' title='bbox 288 3842 473 3907; x_wconf 87' lang='lat' dir='ltr'>sequamur,</span> <span class='ocrx_word' id='word_1_266' title='bbox 501 3821 595 3906; x_wconf 87' lang='lat' dir='ltr'>quasi</span> <span class='ocrx_word' id='word_1_267' title='bbox 618 3821 810 3908; x_wconf 90' lang='lat' dir='ltr'>principium</span> <span class='ocrx_word' id='word_1_268' title='bbox 832 3822 968 3888; x_wconf 87' lang='lat' dir='ltr'>aliarum</span> <span class='ocrx_word' id='word_1_269' title='bbox 990 3821 1137 3908; x_wconf 85' lang='lat' dir='ltr'>putanda</span> <span class='ocrx_word' id='word_1_270' title='bbox 1160 3821 1402 3895; x_wconf 78' lang='lat' dir='ltr'>salsamentis,</span> 
     </span>
     <span class='ocr_line' id='line_1_33' title="bbox 287 3929 1402 4016; baseline 0 -21"><span class='ocrx_word' id='word_1_271' title='bbox 287 3948 384 4013; x_wconf 87' lang='lat' dir='ltr'>quam</span> <span class='ocrx_word' id='word_1_272' title='bbox 420 3934 528 3995; x_wconf 88' lang='lat' dir='ltr'>orator</span> <span class='ocrx_word' id='word_1_273' title='bbox 555 3929 612 4015; x_wconf 79' lang='lat'>25,</span> <span class='ocrx_word' id='word_1_274' title='bbox 642 3931 684 3995; x_wconf 84' lang='grc'>23</span> <span class='ocrx_word' id='word_1_275' title='bbox 713 3929 835 3995; x_wconf 86' lang='lat' dir='ltr'>attulit:</span> <span class='ocrx_word' id='word_1_276' title='bbox 867 3930 1053 4016; x_wconf 88' lang='lat' dir='ltr'>praeteritis</span> <span class='ocrx_word' id='word_1_277' title='bbox 1079 3931 1176 3997; x_wconf 87' lang='lat' dir='ltr'>rebus</span> <span class='ocrx_word' id='word_1_278' title='bbox 1202 3929 1402 3997; x_wconf 87' lang='lat' dir='ltr'>documentis</span> 
     </span>
     <span class='ocr_line' id='line_1_34' title="bbox 287 4034 1403 4122; baseline -0.002 -19"><span class='ocrx_word' id='word_1_279' title='bbox 287 4041 414 4103; x_wconf 88' lang='lat' dir='ltr'>utentes</span> <span class='ocrx_word' id='word_1_280' title='bbox 446 4055 506 4103; x_wconf 91' lang='lat' dir='ltr'>nos</span> <span class='ocrx_word' id='word_1_281' title='bbox 536 4034 578 4101; x_wconf 96' lang='lat' dir='ltr'>de</span> <span class='ocrx_word' id='word_1_282' title='bbox 610 4034 725 4103; x_wconf 86' lang='lat' dir='ltr'>foturis</span> <span class='ocrx_word' id='word_1_283' title='bbox 758 4037 926 4103; x_wconf 85' lang='lat' dir='ltr'>consulere</span> <span class='ocrx_word' id='word_1_284' title='bbox 957 4043 1114 4122; x_wconf 84' lang='lat' dir='ltr'>oportere.</span> <span class='ocrx_word' id='word_1_285' title='bbox 1167 4036 1271 4103; x_wconf 89' lang='lat' dir='ltr'>Huius</span> <span class='ocrx_word' id='word_1_286' title='bbox 1303 4037 1403 4120; x_wconf 80' lang='lat' dir='ltr'>igitur</span> 
     </span>
     <span class='ocr_line' id='line_1_35' title="bbox 290 4142 1403 4229; baseline 0.002 -22"><span class='ocrx_word' id='word_1_287' title='bbox 290 4142 367 4209; x_wconf 91' lang='lat' dir='ltr'>dicti</span> <span class='ocrx_word' id='word_1_288' title='bbox 391 4142 485 4226; x_wconf 86' lang='lat' dir='ltr'>quasi</span> <span class='ocrx_word' id='word_1_289' title='bbox 499 4142 659 4226; x_wconf 86' lang='lat' dir='ltr'>quaedam</span> <span class='ocrx_word' id='word_1_290' title='bbox 682 4142 794 4210; x_wconf 86' lang='lat' dir='ltr'>variae</span> <span class='ocrx_word' id='word_1_291' title='bbox 816 4143 973 4210; x_wconf 87' lang='lat' dir='ltr'>lectiones</span> <span class='ocrx_word' id='word_1_292' title='bbox 986 4142 1051 4209; x_wconf 88' lang='lat' dir='ltr'>dici</span> <span class='ocrx_word' id='word_1_293' title='bbox 1064 4151 1201 4229; x_wconf 89' lang='lat' dir='ltr'>possunt</span> <span class='ocrx_word' id='word_1_294' title='bbox 1222 4144 1403 4211; x_wconf 87' lang='lat' dir='ltr'>sententiae</span> 
     </span>
     <span class='ocr_line' id='line_1_36' title="bbox 288 4246 1404 4340; baseline 0.002 -25"><span class='ocrx_word' id='word_1_295' title='bbox 288 4250 366 4317; x_wconf 86' lang='lat' dir='ltr'>hae:</span> <span class='ocrx_word' id='word_1_296' title='bbox 391 4246 564 4329; x_wconf 64' lang='lat' dir='ltr'>§bairais</span> <span class='ocrx_word' id='word_1_297' title='bbox 579 4247 634 4317; x_wconf 77' lang='lat' dir='ltr'>oba</span> <span class='ocrx_word' id='word_1_298' title='bbox 649 4249 797 4334; x_wconf 72' lang='grc' dir='ltr'>ἐξεγένετο</span> <span class='ocrx_word' id='word_1_299' title='bbox 818 4250 854 4317; x_wconf 73' lang='grc' dir='ltr'>ἐκ</span> <span class='ocrx_word' id='word_1_300' title='bbox 874 4262 932 4317; x_wconf 88' lang='grc' dir='ltr'>τῶν</span> <span class='ocrx_word' id='word_1_301' title='bbox 954 4249 1209 4340; x_wconf 75' lang='grc' dir='ltr'>ἡμαρτημένων</span> <span class='ocrx_word' id='word_1_302' title='bbox 1232 4257 1404 4339; x_wconf 81' lang='grc' dir='ltr'>ρστθσθσαις</span> 
     </span>
     <span class='ocr_line' id='line_1_37' title="bbox 288 4357 1403 4446; baseline 0.003 -24"><span class='ocrx_word' id='word_1_303' title='bbox 288 4361 356 4443; x_wconf 85' lang='grc' dir='ltr'>περὶ</span> <span class='ocrx_word' id='word_1_304' title='bbox 397 4369 452 4422; x_wconf 88' lang='grc' dir='ltr'>τῶν</span> <span class='ocrx_word' id='word_1_305' title='bbox 491 4359 599 4425; x_wconf 80' lang='grc' dir='ltr'>λωτῶν</span> <span class='ocrx_word' id='word_1_306' title='bbox 643 4357 789 4445; x_wconf 81' lang='grc' dir='ltr'>ἄμεινον</span> <span class='ocrx_word' id='word_1_307' title='bbox 821 4360 1089 4442; x_wconf 83' lang='grc' dir='ltr'>βσωλεθσασθαι</span> <span class='ocrx_word' id='word_1_308' title='bbox 1120 4357 1193 4446; x_wconf 86' lang='grc'>(26,</span> <span class='ocrx_word' id='word_1_309' title='bbox 1219 4362 1260 4425; x_wconf 93' lang='grc'>21</span> <span class='ocrx_word' id='word_1_310' title='bbox 1294 4384 1323 4425; x_wconf 80' lang='lat' dir='ltr'>c.</span> <span class='ocrx_word' id='word_1_311' title='bbox 1350 4358 1403 4445; x_wconf 87' lang='grc' dir='ltr'>β.),</span> 
     </span>
     <span class='ocr_line' id='line_1_38' title="bbox 290 4462 1402 4553; baseline 0 -22"><span class='ocrx_word' id='word_1_312' title='bbox 290 4466 341 4550; x_wconf 86' lang='grc'>25,</span> <span class='ocrx_word' id='word_1_313' title='bbox 358 4466 398 4531; x_wconf 92' lang='grc'>21</span> <span class='ocrx_word' id='word_1_314' title='bbox 420 4462 471 4531; x_wconf 78' lang='grc' dir='ltr'>ἵνα</span> <span class='ocrx_word' id='word_1_315' title='bbox 492 4468 529 4528; x_wconf 86' lang='grc' dir='ltr'>τὰ</span> <span class='ocrx_word' id='word_1_316' title='bbox 546 4477 602 4531; x_wconf 88' lang='grc' dir='ltr'>τῶν</span> <span class='ocrx_word' id='word_1_317' title='bbox 626 4464 746 4553; x_wconf 84' lang='grc' dir='ltr'>ἐχθρῶν</span> <span class='ocrx_word' id='word_1_318' title='bbox 770 4464 1009 4553; x_wconf 75' lang='grc' dir='ltr'>ἁμαρτήματα</span> <span class='ocrx_word' id='word_1_319' title='bbox 1031 4465 1175 4553; x_wconf 77' lang='grc' dir='ltr'>ἄμεινον</span> <span class='ocrx_word' id='word_1_320' title='bbox 1197 4463 1275 4553; x_wconf 73' lang='grc' dir='ltr'>ὁρῶς</span> <span class='ocrx_word' id='word_1_321' title='bbox 1289 4472 1402 4552; x_wconf 74' lang='grc' dir='ltr'>ποιήσῃ</span> 
     </span>
    </p>
   </div>
   <div class='ocr_carea' id='block_1_7' title="bbox 0 0 1533 5067">
    <p class='ocr_par' dir='ltr' id='par_1_7' title="bbox 0 0 1533 5067">
     <span class='ocr_line' id='line_1_39' title="bbox 0 0 1533 5067; baseline 0 0"><span class='ocrx_word' id='word_1_322' title='bbox 0 0 1533 5067; x_wconf 95' lang='lat' dir='ltr'> </span> 
     </span>
    </p>
   </div>
  </div>
 </body>
</html>
