<?xml version="1.0" encoding="UTF-8"?>
<!DOCTYPE html PUBLIC "-//W3C//DTD XHTML 1.0 Transitional//EN"
    "http://www.w3.org/TR/xhtml1/DTD/xhtml1-transitional.dtd">
<html xmlns="http://www.w3.org/1999/xhtml" xml:lang="en" lang="en">
 <head>
  <title>
</title>
<meta http-equiv="Content-Type" content="text/html;charset=utf-8" />
  <meta name='ocr-system' content='tesseract 3.04.00' />
  <meta name='ocr-capabilities' content='ocr_page ocr_carea ocr_par ocr_line ocrx_word'/>
</head>
<body>
  <div class='ocr_page' id='page_1' title='image "./delysiaeepitaph01thomgoog_0021.png"; bbox 0 0 3034 5067; ppageno 0'>
   <div class='ocr_carea' id='block_1_1' title="bbox 681 432 721 497">
    <p class='ocr_par' dir='ltr' id='par_1_1' title="bbox 681 432 721 497">
     <span class='ocr_line' id='line_1_1' title="bbox 681 432 721 497; baseline 0.025 -1"><span class='ocrx_word' id='word_1_1' title='bbox 681 432 721 497; x_wconf 80' lang='lat'><strong>15</strong></span> 
     </span>
    </p>
   </div>
   <div class='ocr_carea' id='block_1_2' title="bbox 142 622 1256 712">
    <p class='ocr_par' dir='ltr' id='par_1_2' title="bbox 142 622 1256 712">
     <span class='ocr_line' id='line_1_2' title="bbox 142 622 1256 712; baseline 0 -21"><span class='ocrx_word' id='word_1_2' title='bbox 142 645 217 693; x_wconf 86' lang='lat' dir='ltr'><strong>esse</strong></span> <span class='ocrx_word' id='word_1_3' title='bbox 241 622 450 693; x_wconf 83' lang='lat' dir='ltr'><strong>iureiuranda</strong></span> <span class='ocrx_word' id='word_1_4' title='bbox 475 633 507 692; x_wconf 89' lang='lat' dir='ltr'><strong>et</strong></span> <span class='ocrx_word' id='word_1_5' title='bbox 529 632 626 712; x_wconf 88' lang='lat' dir='ltr'><strong>paeta</strong></span> <span class='ocrx_word' id='word_1_6' title='bbox 650 646 788 709; x_wconf 88' lang='lat' dir='ltr'><strong>servare,</strong></span> <span class='ocrx_word' id='word_1_7' title='bbox 811 624 931 710; x_wconf 88' lang='lat' dir='ltr'><strong>qnippe</strong></span> <span class='ocrx_word' id='word_1_8' title='bbox 953 644 1037 707; x_wconf 90' lang='lat' dir='ltr'><strong>quae</strong></span> <span class='ocrx_word' id='word_1_9' title='bbox 1061 629 1092 691; x_wconf 91' lang='lat' dir='ltr'><strong>et</strong></span> <span class='ocrx_word' id='word_1_10' title='bbox 1115 624 1256 691; x_wconf 80' lang='lat' dir='ltr'><strong>civitatis</strong></span> 
     </span>
    </p>
   </div>
   <div class='ocr_carea' id='block_1_3' title="bbox 141 731 1260 2529">
    <p class='ocr_par' dir='ltr' id='par_1_3' title="bbox 141 731 1260 2529">
     <span class='ocr_line' id='line_1_3' title="bbox 143 731 1258 819; baseline -0.002 -20"><span class='ocrx_word' id='word_1_11' title='bbox 143 734 233 801; x_wconf 86' lang='lat' dir='ltr'><strong>salus</strong></span> <span class='ocrx_word' id='word_1_12' title='bbox 258 734 300 799; x_wconf 88' lang='lat' dir='ltr'><strong>sit</strong></span> <span class='ocrx_word' id='word_1_13' title='bbox 333 733 612 819; x_wconf 88' lang='lat' dir='ltr'><strong>praestantissima</strong></span> <span class='ocrx_word' id='word_1_14' title='bbox 645 738 677 798; x_wconf 90' lang='lat' dir='ltr'><strong>et</strong></span> <span class='ocrx_word' id='word_1_15' title='bbox 709 731 968 797; x_wconf 89' lang='lat' dir='ltr'><strong>adversariorum</strong></span> <span class='ocrx_word' id='word_1_16' title='bbox 997 732 1076 797; x_wconf 90' lang='lat' dir='ltr'><strong>ultio</strong></span> <span class='ocrx_word' id='word_1_17' title='bbox 1108 732 1258 816; x_wconf 84' lang='lat' dir='ltr'><strong>maxima,</strong></span> 
     </span>
     <span class='ocr_line' id='line_1_4' title="bbox 141 837 1256 923; baseline 0.001 -20"><span class='ocrx_word' id='word_1_18' title='bbox 141 839 263 907; x_wconf 85' lang='lat' dir='ltr'>ibidem</span> <span class='ocrx_word' id='word_1_19' title='bbox 284 860 360 905; x_wconf 84' lang='lat' dir='ltr'><strong>vero</strong></span> <span class='ocrx_word' id='word_1_20' title='bbox 392 843 433 907; x_wconf 85' lang='grc'><strong>28</strong></span> <span class='ocrx_word' id='word_1_21' title='bbox 461 840 522 905; x_wconf 87' lang='lat' dir='ltr'><strong>has</strong></span> <span class='ocrx_word' id='word_1_22' title='bbox 554 860 606 905; x_wconf 89' lang='lat' dir='ltr'><strong>res</strong></span> <span class='ocrx_word' id='word_1_23' title='bbox 633 838 861 905; x_wconf 87' lang='lat' dir='ltr'><strong>Piraeensibus</strong></span> <span class='ocrx_word' id='word_1_24' title='bbox 892 837 1061 903; x_wconf 83' lang='lat' dir='ltr'><strong>vindicans</strong></span> <span class='ocrx_word' id='word_1_25' title='bbox 1088 838 1256 923; x_wconf 88' lang='lat' dir='ltr'><strong>popularis</strong></span> 
     </span>
     <span class='ocr_line' id='line_1_5' title="bbox 141 944 1257 1035; baseline 0.001 -25"><span class='ocrx_word' id='word_1_26' title='bbox 141 946 269 1031; x_wconf 89' lang='lat' dir='ltr'><strong>imperii</strong></span> <span class='ocrx_word' id='word_1_27' title='bbox 292 950 430 1035; x_wconf 73' lang='grc' dir='ltr'>φυλακὴν</span> <span class='ocrx_word' id='word_1_28' title='bbox 453 946 607 1032; x_wconf 86' lang='lat' dir='ltr'><strong>appellat.</strong></span> <span class='ocrx_word' id='word_1_29' title='bbox 651 947 694 1010; x_wconf 92' lang='lat' dir='ltr'><strong>At</strong></span> <span class='ocrx_word' id='word_1_30' title='bbox 717 948 737 1026; x_wconf 63' lang='grc' dir='ltr'><strong>ἓ</strong></span> <span class='ocrx_word' id='word_1_31' title='bbox 761 948 804 1011; x_wconf 86' lang='grc'><strong>62</strong></span> <span class='ocrx_word' id='word_1_32' title='bbox 827 944 886 1009; x_wconf 91' lang='lat' dir='ltr'><strong>illa</strong></span> <span class='ocrx_word' id='word_1_33' title='bbox 912 944 1121 1010; x_wconf 86' lang='lat' dir='ltr'><strong>iuraiuranda</strong></span> <span class='ocrx_word' id='word_1_34' title='bbox 1147 951 1257 1030; x_wconf 88' lang='lat' dir='ltr'><strong>paeta-</strong></span> 
     </span>
     <span class='ocr_line' id='line_1_6' title="bbox 143 1048 1257 1140; baseline -0.001 -21"><span class='ocrx_word' id='word_1_35' title='bbox 143 1074 207 1137; x_wconf 87' lang='lat' dir='ltr'><strong>que</strong></span> <span class='ocrx_word' id='word_1_36' title='bbox 244 1054 341 1120; x_wconf 84' lang='lat' dir='ltr'><strong>simili</strong></span> <span class='ocrx_word' id='word_1_37' title='bbox 377 1054 588 1122; x_wconf 86' lang='lat' dir='ltr'><strong>translatione</strong></span> <span class='ocrx_word' id='word_1_38' title='bbox 620 1048 794 1119; x_wconf 88' lang='lat' dir='ltr'><strong>eorundem</strong></span> <span class='ocrx_word' id='word_1_39' title='bbox 830 1050 1050 1118; x_wconf 89' lang='lat' dir='ltr'><strong>Piraeensium</strong></span> <span class='ocrx_word' id='word_1_40' title='bbox 1081 1058 1257 1140; x_wconf 71' lang='grc' dir='ltr'>συμμάχους</span> 
     </span>
     <span class='ocr_line' id='line_1_7' title="bbox 144 1157 1259 1243; baseline -0.004 -16"><span class='ocrx_word' id='word_1_41' title='bbox 144 1160 233 1227; x_wconf 89' lang='lat' dir='ltr'><strong>dioit.</strong></span> <span class='ocrx_word' id='word_1_42' title='bbox 279 1161 357 1226; x_wconf 77' lang='lat' dir='ltr'><strong>Cum</strong></span> <span class='ocrx_word' id='word_1_43' title='bbox 391 1167 498 1227; x_wconf 89' lang='lat' dir='ltr'><strong>autem</strong></span> <span class='ocrx_word' id='word_1_44' title='bbox 526 1158 769 1225; x_wconf 78' lang='lat' dir='ltr'><strong>Atheniensium</strong></span> <span class='ocrx_word' id='word_1_45' title='bbox 800 1158 910 1243; x_wconf 87' lang='lat' dir='ltr'><strong>populi</strong></span> <span class='ocrx_word' id='word_1_46' title='bbox 936 1165 1084 1243; x_wconf 85' lang='lat' dir='ltr'><strong>potestas</strong></span> <span class='ocrx_word' id='word_1_47' title='bbox 1114 1157 1259 1224; x_wconf 90' lang='lat' dir='ltr'><strong>nonnihil</strong></span> 
     </span>
     <span class='ocr_line' id='line_1_8' title="bbox 144 1265 1258 1353; baseline 0.002 -23"><span class='ocrx_word' id='word_1_48' title='bbox 144 1267 279 1353; x_wconf 91' lang='lat' dir='ltr'><strong>imperio</strong></span> <span class='ocrx_word' id='word_1_49' title='bbox 303 1266 462 1332; x_wconf 90' lang='lat' dir='ltr'><strong>maritimo</strong></span> <span class='ocrx_word' id='word_1_50' title='bbox 486 1265 690 1349; x_wconf 86' lang='lat' dir='ltr'><strong>foederisque</strong></span> <span class='ocrx_word' id='word_1_51' title='bbox 714 1265 873 1331; x_wconf 91' lang='lat' dir='ltr'><strong>soeiorum</strong></span> <span class='ocrx_word' id='word_1_52' title='bbox 886 1266 1068 1351; x_wconf 89' lang='lat' dir='ltr'><strong>prineipatu</strong></span> <span class='ocrx_word' id='word_1_53' title='bbox 1082 1266 1258 1332; x_wconf 77' lang='lat' dir='ltr'><strong>continere</strong></span> 
     </span>
     <span class='ocr_line' id='line_1_9' title="bbox 143 1371 1258 1459; baseline -0.001 -21"><span class='ocrx_word' id='word_1_54' title='bbox 143 1379 205 1459; x_wconf 78' lang='lat' dir='ltr'><strong>tur,</strong></span> <span class='ocrx_word' id='word_1_55' title='bbox 229 1380 337 1439; x_wconf 90' lang='lat' dir='ltr'><strong>orator</strong></span> <span class='ocrx_word' id='word_1_56' title='bbox 359 1372 510 1458; x_wconf 85' lang='lat' dir='ltr'><strong>habebat,</strong></span> <span class='ocrx_word' id='word_1_57' title='bbox 534 1393 589 1438; x_wconf 90' lang='lat' dir='ltr'><strong>eur</strong></span> <span class='ocrx_word' id='word_1_58' title='bbox 602 1372 678 1438; x_wconf 88' lang='lat' dir='ltr'><strong>huie</strong></span> <span class='ocrx_word' id='word_1_59' title='bbox 699 1372 746 1439; x_wconf 88' lang='lat' dir='ltr'><strong>roi</strong></span> <span class='ocrx_word' id='word_1_60' title='bbox 761 1392 912 1456; x_wconf 83' lang='lat' dir='ltr'><strong>magnum</strong></span> <span class='ocrx_word' id='word_1_61' title='bbox 926 1371 1053 1458; x_wconf 91' lang='lat' dir='ltr'><strong>pondus</strong></span> <span class='ocrx_word' id='word_1_62' title='bbox 1067 1393 1107 1437; x_wconf 91' lang='lat' dir='ltr'><strong>ae</strong></span> <span class='ocrx_word' id='word_1_63' title='bbox 1120 1392 1258 1439; x_wconf 92' lang='lat' dir='ltr'><strong>momen-</strong></span> 
     </span>
     <span class='ocr_line' id='line_1_10' title="bbox 143 1478 1258 1565; baseline 0 -20"><span class='ocrx_word' id='word_1_64' title='bbox 143 1487 212 1545; x_wconf 89' lang='lat' dir='ltr'><strong>tum</strong></span> <span class='ocrx_word' id='word_1_65' title='bbox 243 1480 441 1547; x_wconf 83' lang='lat' dir='ltr'><strong>attribueret.</strong></span> <span class='ocrx_word' id='word_1_66' title='bbox 497 1480 603 1563; x_wconf 87' lang='lat' dir='ltr'><strong>Atque</strong></span> <span class='ocrx_word' id='word_1_67' title='bbox 636 1486 668 1545; x_wconf 89' lang='lat' dir='ltr'><strong>et</strong></span> <span class='ocrx_word' id='word_1_68' title='bbox 706 1482 726 1560; x_wconf 63' lang='grc' dir='ltr'>ἓ</span> <span class='ocrx_word' id='word_1_69' title='bbox 758 1482 801 1545; x_wconf 81' lang='lat'><strong>45</strong></span> <span class='ocrx_word' id='word_1_70' title='bbox 835 1487 868 1544; x_wconf 92' lang='lat' dir='ltr'><strong>et</strong></span> <span class='ocrx_word' id='word_1_71' title='bbox 903 1482 955 1563; x_wconf 85' lang='lat'><strong>33,</strong></span> <span class='ocrx_word' id='word_1_72' title='bbox 990 1481 1011 1545; x_wconf 77' lang='lat'>5</span> <span class='ocrx_word' id='word_1_73' title='bbox 1042 1478 1258 1565; x_wconf 77' lang='lat' dir='ltr'><strong>praeditatur,</strong></span> 
     </span>
     <span class='ocr_line' id='line_1_11' title="bbox 144 1585 1259 1673; baseline -0.001 -21"><span class='ocrx_word' id='word_1_74' title='bbox 144 1593 299 1669; x_wconf 88' lang='lat' dir='ltr'><strong>quantum</strong></span> <span class='ocrx_word' id='word_1_75' title='bbox 329 1586 496 1672; x_wconf 85' lang='lat' dir='ltr'><strong>imperium</strong></span> <span class='ocrx_word' id='word_1_76' title='bbox 521 1585 721 1673; x_wconf 21' lang='lat' dir='ltr'><strong>&#39;maritimum</strong></span> <span class='ocrx_word' id='word_1_77' title='bbox 749 1585 860 1653; x_wconf 90' lang='lat' dir='ltr'><strong>valeat</strong></span> <span class='ocrx_word' id='word_1_78' title='bbox 891 1586 935 1651; x_wconf 91' lang='lat' dir='ltr'><strong>ad</strong></span> <span class='ocrx_word' id='word_1_79' title='bbox 966 1606 1122 1653; x_wconf 89' lang='lat' dir='ltr'><strong>summam</strong></span> <span class='ocrx_word' id='word_1_80' title='bbox 1153 1607 1259 1653; x_wconf 91' lang='lat' dir='ltr'><strong>rerum</strong></span> 
     </span>
     <span class='ocr_line' id='line_1_12' title="bbox 143 1691 1258 1777; baseline -0.002 -18"><span class='ocrx_word' id='word_1_81' title='bbox 143 1693 300 1760; x_wconf 84' lang='lat' dir='ltr'><strong>adversus</strong></span> <span class='ocrx_word' id='word_1_82' title='bbox 332 1694 503 1760; x_wconf 80' lang='lat' dir='ltr'><strong>Persarum</strong></span> <span class='ocrx_word' id='word_1_83' title='bbox 533 1712 642 1777; x_wconf 86' lang='lat' dir='ltr'><strong>regem</strong></span> <span class='ocrx_word' id='word_1_84' title='bbox 672 1691 889 1762; x_wconf 86' lang='lat' dir='ltr'><strong>obtinendam</strong></span> <span class='ocrx_word' id='word_1_85' title='bbox 946 1692 1073 1761; x_wconf 84' lang='lat' dir='ltr'><strong>Pariter</strong></span> <span class='ocrx_word' id='word_1_86' title='bbox 1099 1693 1258 1759; x_wconf 90' lang='lat' dir='ltr'><strong>soeiorum</strong></span> 
     </span>
     <span class='ocr_line' id='line_1_13' title="bbox 144 1798 1260 1885; baseline -0.001 -19"><span class='ocrx_word' id='word_1_87' title='bbox 144 1799 235 1867; x_wconf 91' lang='lat' dir='ltr'><strong>salus</strong></span> <span class='ocrx_word' id='word_1_88' title='bbox 267 1808 299 1865; x_wconf 91' lang='lat' dir='ltr'><strong>et</strong></span> <span class='ocrx_word' id='word_1_89' title='bbox 325 1799 569 1867; x_wconf 87' lang='lat' dir='ltr'><strong>Atheniensium</strong></span> <span class='ocrx_word' id='word_1_90' title='bbox 595 1798 741 1883; x_wconf 88' lang='lat' dir='ltr'><strong>potentia</strong></span> <span class='ocrx_word' id='word_1_91' title='bbox 772 1799 947 1885; x_wconf 86' lang='lat' dir='ltr'><strong>populique</strong></span> <span class='ocrx_word' id='word_1_92' title='bbox 978 1800 1147 1885; x_wconf 89' lang='lat' dir='ltr'><strong>imperium</strong></span> <span class='ocrx_word' id='word_1_93' title='bbox 1177 1800 1260 1866; x_wconf 92' lang='lat' dir='ltr'><strong>inter</strong></span> 
     </span>
     <span class='ocr_line' id='line_1_14' title="bbox 144 1905 1259 1991; baseline -0.003 -18"><span class='ocrx_word' id='word_1_94' title='bbox 144 1928 181 1973; x_wconf 89' lang='lat' dir='ltr'><strong>se</strong></span> <span class='ocrx_word' id='word_1_95' title='bbox 205 1926 349 1972; x_wconf 86' lang='lat' dir='ltr'><strong>eonnexa</strong></span> <span class='ocrx_word' id='word_1_96' title='bbox 364 1906 546 1989; x_wconf 78' lang='lat' dir='ltr'><strong>cogitantur</strong></span> <span class='ocrx_word' id='word_1_97' title='bbox 568 1908 656 1987; x_wconf 62' lang='lat'><strong>556.</strong></span> <span class='ocrx_word' id='word_1_98' title='bbox 689 1908 740 1991; x_wconf 85' lang='lat'><strong>34,</strong></span> <span class='ocrx_word' id='word_1_99' title='bbox 755 1910 786 1972; x_wconf 86' lang='grc'><strong>4.</strong></span> <span class='ocrx_word' id='word_1_100' title='bbox 828 1905 866 1972; x_wconf 82' lang='lat' dir='ltr'><strong>of.</strong></span> <span class='ocrx_word' id='word_1_101' title='bbox 884 1909 933 1991; x_wconf 81' lang='lat'><strong>14,</strong></span> <span class='ocrx_word' id='word_1_102' title='bbox 949 1908 1001 1971; x_wconf 80' lang='grc'><strong>34.</strong></span> <span class='ocrx_word' id='word_1_103' title='bbox 1036 1906 1073 1969; x_wconf 93' lang='lat' dir='ltr'><strong>In</strong></span> <span class='ocrx_word' id='word_1_104' title='bbox 1087 1906 1259 1972; x_wconf 86' lang='lat' dir='ltr'><strong>Athenien-</strong></span> 
     </span>
     <span class='ocr_line' id='line_1_15' title="bbox 146 2012 1259 2097; baseline -0.002 -18"><span class='ocrx_word' id='word_1_105' title='bbox 146 2014 229 2079; x_wconf 92' lang='lat' dir='ltr'><strong>sium</strong></span> <span class='ocrx_word' id='word_1_106' title='bbox 253 2014 348 2079; x_wconf 91' lang='lat' dir='ltr'><strong>rebus</strong></span> <span class='ocrx_word' id='word_1_107' title='bbox 371 2013 474 2097; x_wconf 84' lang='lat' dir='ltr'><strong>gestis</strong></span> <span class='ocrx_word' id='word_1_108' title='bbox 498 2012 671 2078; x_wconf 86' lang='lat' dir='ltr'><strong>laudandis</strong></span> <span class='ocrx_word' id='word_1_109' title='bbox 695 2018 803 2078; x_wconf 88' lang='lat' dir='ltr'><strong>orator</strong></span> <span class='ocrx_word' id='word_1_110' title='bbox 820 2012 958 2079; x_wconf 86' lang='lat' dir='ltr'><strong>maxime</strong></span> <span class='ocrx_word' id='word_1_111' title='bbox 971 2012 1150 2097; x_wconf 84' lang='lat' dir='ltr'><strong>praedieat,</strong></span> <span class='ocrx_word' id='word_1_112' title='bbox 1173 2012 1259 2096; x_wconf 89' lang='lat' dir='ltr'><strong>qued</strong></span> 
     </span>
     <span class='ocr_line' id='line_1_16' title="bbox 144 2120 1260 2206; baseline 0 -21"><span class='ocrx_word' id='word_1_113' title='bbox 144 2140 204 2205; x_wconf 90' lang='lat' dir='ltr'><strong>pro</strong></span> <span class='ocrx_word' id='word_1_114' title='bbox 229 2126 261 2187; x_wconf 91' lang='lat' dir='ltr'><strong>et</strong></span> <span class='ocrx_word' id='word_1_115' title='bbox 282 2141 362 2206; x_wconf 89' lang='lat' dir='ltr'><strong>prae</strong></span> <span class='ocrx_word' id='word_1_116' title='bbox 385 2121 501 2186; x_wconf 78' lang='lat' dir='ltr'><strong>ceteris</strong></span> <span class='ocrx_word' id='word_1_117' title='bbox 525 2120 659 2187; x_wconf 79' lang='lat' dir='ltr'><strong>Graecis</strong></span> <span class='ocrx_word' id='word_1_118' title='bbox 683 2120 828 2185; x_wconf 91' lang='lat' dir='ltr'><strong>omnibus</strong></span> <span class='ocrx_word' id='word_1_119' title='bbox 853 2120 1033 2186; x_wconf 87' lang='lat' dir='ltr'><strong>libertatem</strong></span> <span class='ocrx_word' id='word_1_120' title='bbox 1057 2120 1260 2187; x_wconf 84' lang='lat' dir='ltr'><strong>defenderint</strong></span> 
     </span>
     <span class='ocr_line' id='line_1_17' title="bbox 145 2223 1260 2315; baseline 0 -22"><span class='ocrx_word' id='word_1_121' title='bbox 145 2232 244 2310; x_wconf 91' lang='lat' dir='ltr'><strong>atque</strong></span> <span class='ocrx_word' id='word_1_122' title='bbox 258 2226 530 2313; x_wconf 84' lang='lat' dir='ltr'><strong>reeuperaverint:</strong></span> <span class='ocrx_word' id='word_1_123' title='bbox 547 2230 567 2308; x_wconf 63' lang='grc' dir='ltr'>ξ</span> <span class='ocrx_word' id='word_1_124' title='bbox 582 2229 625 2293; x_wconf 90' lang='grc'><strong>20</strong></span> <span class='ocrx_word' id='word_1_125' title='bbox 641 2233 721 2314; x_wconf 83' lang='grc' dir='ltr'>μόνοι</span> <span class='ocrx_word' id='word_1_126' title='bbox 743 2231 801 2312; x_wconf 73' lang='grc' dir='ltr'><strong>γὰρ</strong></span> <span class='ocrx_word' id='word_1_127' title='bbox 824 2223 895 2312; x_wconf 81' lang='grc' dir='ltr'>δπὲρ</span> <span class='ocrx_word' id='word_1_128' title='bbox 910 2225 1032 2314; x_wconf 81' lang='grc' dir='ltr'>ἁπάσης</span> <span class='ocrx_word' id='word_1_129' title='bbox 1045 2240 1099 2315; x_wconf 77' lang='grc' dir='ltr'><strong>τῆς</strong></span> <span class='ocrx_word' id='word_1_130' title='bbox 1113 2226 1260 2303; x_wconf 83' lang='grc' dir='ltr'>Ἑλλάδος</span> 
     </span>
     <span class='ocr_line' id='line_1_18' title="bbox 144 2330 1260 2422; baseline 0.001 -23"><span class='ocrx_word' id='word_1_131' title='bbox 144 2371 189 2380; x_wconf 89' lang='grc'>-</span> <span class='ocrx_word' id='word_1_132' title='bbox 213 2336 516 2411; x_wconf 79' lang='grc' dir='ltr'>διενινδδνευσαν,</span> <span class='ocrx_word' id='word_1_133' title='bbox 540 2337 560 2414; x_wconf 67' lang='grc' dir='ltr'>ξ</span> <span class='ocrx_word' id='word_1_134' title='bbox 583 2336 626 2401; x_wconf 91' lang='grc'><strong>42</strong></span> <span class='ocrx_word' id='word_1_135' title='bbox 649 2336 813 2405; x_wconf 76' lang='grc' dir='ltr'>κίνδυνος</span> <span class='ocrx_word' id='word_1_136' title='bbox 839 2330 923 2419; x_wconf 74' lang='grc' dir='ltr'>ὑπὲρ</span> <span class='ocrx_word' id='word_1_137' title='bbox 951 2346 1015 2419; x_wconf 77' lang='grc' dir='ltr'><strong>τῆς</strong></span> <span class='ocrx_word' id='word_1_138' title='bbox 1041 2346 1107 2399; x_wconf 83' lang='grc' dir='ltr'><strong>τῶν</strong></span> <span class='ocrx_word' id='word_1_139' title='bbox 1133 2333 1260 2422; x_wconf 79' lang='grc' dir='ltr'>Ἑλλή-</span> 
     </span>
     <span class='ocr_line' id='line_1_19' title="bbox 144 2438 1260 2529; baseline 0 -22"><span class='ocrx_word' id='word_1_140' title='bbox 144 2465 210 2507; x_wconf 87' lang='grc' dir='ltr'><strong>νων</strong></span> <span class='ocrx_word' id='word_1_141' title='bbox 233 2441 462 2527; x_wconf 77' lang='grc' dir='ltr'><strong>ἐλευθερίας,</strong></span> <span class='ocrx_word' id='word_1_142' title='bbox 487 2443 539 2525; x_wconf 80' lang='grc'><strong>34,</strong></span> <span class='ocrx_word' id='word_1_143' title='bbox 555 2444 594 2507; x_wconf 92' lang='grc'><strong>11</strong></span> <span class='ocrx_word' id='word_1_144' title='bbox 610 2446 663 2507; x_wconf 80' lang='grc' dir='ltr'><strong>καὶ</strong></span> <span class='ocrx_word' id='word_1_145' title='bbox 676 2438 738 2506; x_wconf 72' lang='lat' dir='ltr'><strong>tae</strong></span> <span class='ocrx_word' id='word_1_146' title='bbox 746 2466 763 2526; x_wconf 87' lang='grc' dir='ltr'>ρ</span> <span class='ocrx_word' id='word_1_147' title='bbox 787 2453 840 2529; x_wconf 65' lang='grc' dir='ltr'><strong>τῆς</strong></span> <span class='ocrx_word' id='word_1_148' title='bbox 855 2453 911 2507; x_wconf 83' lang='grc' dir='ltr'><strong>τῶν</strong></span> <span class='ocrx_word' id='word_1_149' title='bbox 925 2440 1025 2507; x_wconf 79' lang='grc' dir='ltr'>ἄλλων</span> <span class='ocrx_word' id='word_1_150' title='bbox 1044 2442 1260 2527; x_wconf 71' lang='grc' dir='ltr'>ἐλευθερίας</span> 
     </span>
    </p>
   </div>
   <div class='ocr_carea' id='block_1_4' title="bbox 15 2546 1261 2635">
    <p class='ocr_par' dir='ltr' id='par_1_4' title="bbox 15 2546 1261 2635">
     <span class='ocr_line' id='line_1_20' title="bbox 15 2546 1261 2635; baseline 0.002 -25"><span class='ocrx_word' id='word_1_151' title='bbox 15 2576 24 2625; x_wconf 61' lang='lat' dir='ltr'><strong>p</strong></span> <span class='ocrx_word' id='word_1_152' title='bbox 143 2546 323 2635; x_wconf 74' lang='grc' dir='ltr'><strong>&lt;Ελλήνων</strong></span> <span class='ocrx_word' id='word_1_153' title='bbox 351 2550 623 2615; x_wconf 81' lang='grc' dir='ltr'>διενινδίνευον.</span> <span class='ocrx_word' id='word_1_154' title='bbox 679 2548 779 2612; x_wconf 93' lang='lat' dir='ltr'><strong>Porro</strong></span> <span class='ocrx_word' id='word_1_155' title='bbox 816 2553 923 2613; x_wconf 87' lang='lat' dir='ltr'><strong>orator</strong></span> <span class='ocrx_word' id='word_1_156' title='bbox 959 2550 1015 2631; x_wconf 83' lang='lat'><strong>33,</strong></span> <span class='ocrx_word' id='word_1_157' title='bbox 1048 2551 1068 2614; x_wconf 88' lang='grc'><strong>6</strong></span> <span class='ocrx_word' id='word_1_158' title='bbox 1096 2547 1261 2615; x_wconf 88' lang='lat' dir='ltr'><strong>auditores</strong></span> 
     </span>
    </p>
   </div>
   <div class='ocr_carea' id='block_1_5' title="bbox 145 2653 1261 4552">
    <p class='ocr_par' dir='ltr' id='par_1_5' title="bbox 145 2653 1261 4552">
     <span class='ocr_line' id='line_1_21' title="bbox 145 2653 1261 2741; baseline -0.003 -21"><span class='ocrx_word' id='word_1_159' title='bbox 145 2674 222 2721; x_wconf 87' lang='lat' dir='ltr'><strong>suos</strong></span> <span class='ocrx_word' id='word_1_160' title='bbox 245 2655 334 2721; x_wconf 87' lang='lat' dir='ltr'><strong>iubet</strong></span> <span class='ocrx_word' id='word_1_161' title='bbox 355 2657 437 2729; x_wconf 80' lang='grc' dir='ltr'>τοὺς</span> <span class='ocrx_word' id='word_1_162' title='bbox 458 2661 656 2740; x_wconf 70' lang='grc' dir='ltr'>προγόνους</span> <span class='ocrx_word' id='word_1_163' title='bbox 680 2659 881 2741; x_wconf 72' lang='grc' dir='ltr'>μιμεῖσθαι,</span> <span class='ocrx_word' id='word_1_164' title='bbox 905 2655 997 2719; x_wconf 86' lang='grc' dir='ltr'><strong>οἳ-</strong></span> <span class='ocrx_word' id='word_1_165' title='bbox 1019 2658 1139 2741; x_wconf 79' lang='grc' dir='ltr'>ποινὴν</span> <span class='ocrx_word' id='word_1_166' title='bbox 1169 2653 1261 2719; x_wconf 77' lang='grc' dir='ltr'>ἅπασι</span> 
     </span>
     <span class='ocr_line' id='line_1_22' title="bbox 145 2759 1260 2849; baseline -0.001 -23"><span class='ocrx_word' id='word_1_167' title='bbox 145 2766 208 2848; x_wconf 81' lang='grc' dir='ltr'><strong>τὴν</strong></span> <span class='ocrx_word' id='word_1_168' title='bbox 232 2760 443 2847; x_wconf 68' lang='grc' dir='ltr'><strong>ἐλευθερίαν</strong></span> <span class='ocrx_word' id='word_1_169' title='bbox 466 2768 659 2849; x_wconf 77' lang='grc' dir='ltr'>νατὲοπροαν,</span> <span class='ocrx_word' id='word_1_170' title='bbox 683 2759 781 2843; x_wconf 87' lang='lat' dir='ltr'><strong>idque</strong></span> <span class='ocrx_word' id='word_1_171' title='bbox 804 2762 925 2827; x_wconf 88' lang='lat' dir='ltr'><strong>iussum</strong></span> <span class='ocrx_word' id='word_1_172' title='bbox 948 2761 1042 2844; x_wconf 89' lang='lat' dir='ltr'><strong>quasi</strong></span> <span class='ocrx_word' id='word_1_173' title='bbox 1060 2781 1082 2825; x_wconf 90' lang='lat' dir='ltr'><strong>a</strong></span> <span class='ocrx_word' id='word_1_174' title='bbox 1099 2761 1260 2846; x_wconf 90' lang='lat' dir='ltr'><strong>populari·</strong></span> 
     </span>
     <span class='ocr_line' id='line_1_23' title="bbox 145 2866 1257 2952; baseline 0 -19"><span class='ocrx_word' id='word_1_175' title='bbox 145 2869 206 2934; x_wconf 88' lang='lat' dir='ltr'><strong>bus</strong></span> <span class='ocrx_word' id='word_1_176' title='bbox 229 2867 295 2933; x_wconf 93' lang='lat' dir='ltr'><strong>illis</strong></span> <span class='ocrx_word' id='word_1_177' title='bbox 317 2866 387 2934; x_wconf 89' lang='lat' dir='ltr'><strong>fieri</strong></span> <span class='ocrx_word' id='word_1_178' title='bbox 410 2868 495 2952; x_wconf 79' lang='lat' dir='ltr'><strong>fauit,</strong></span> <span class='ocrx_word' id='word_1_179' title='bbox 524 2887 595 2932; x_wconf 90' lang='lat' dir='ltr'><strong>eum</strong></span> <span class='ocrx_word' id='word_1_180' title='bbox 618 2867 658 2932; x_wconf 90' lang='lat' dir='ltr'><strong>de</strong></span> <span class='ocrx_word' id='word_1_181' title='bbox 686 2868 726 2933; x_wconf 88' lang='lat' dir='ltr'><strong>iis</strong></span> <span class='ocrx_word' id='word_1_182' title='bbox 756 2866 854 2952; x_wconf 89' lang='lat' dir='ltr'><strong>paulo</strong></span> <span class='ocrx_word' id='word_1_183' title='bbox 890 2867 1034 2933; x_wconf 89' lang='lat' dir='ltr'><strong>ornatius</strong></span> <span class='ocrx_word' id='word_1_184' title='bbox 1066 2866 1146 2932; x_wconf 90' lang='lat' dir='ltr'><strong>dioit</strong></span> <span class='ocrx_word' id='word_1_185' title='bbox 1176 2869 1194 2951; x_wconf 60' lang='grc' dir='ltr'>ᾗ</span> <span class='ocrx_word' id='word_1_186' title='bbox 1217 2871 1257 2933; x_wconf 84' lang='grc'><strong>61</strong></span> 
     </span>
     <span class='ocr_line' id='line_1_24' title="bbox 146 2970 1261 3061; baseline 0.002 -22"><span class='ocrx_word' id='word_1_187' title='bbox 146 2973 334 3061; x_wconf 66' lang='lat' dir='ltr'><strong>&amp;periphras</strong></span> <span class='ocrx_word' id='word_1_188' title='bbox 360 2981 541 3060; x_wconf 73' lang='grc' dir='ltr'>προγόνων</span> <span class='ocrx_word' id='word_1_189' title='bbox 574 2978 810 3061; x_wconf 74' lang='grc' dir='ltr'>μιμησάμενοι</span> <span class='ocrx_word' id='word_1_190' title='bbox 847 2985 911 3047; x_wconf 88' lang='grc' dir='ltr'>ταῖς</span> <span class='ocrx_word' id='word_1_191' title='bbox 942 2970 1036 3040; x_wconf 76' lang='grc' dir='ltr'>αὑτῶν</span> <span class='ocrx_word' id='word_1_192' title='bbox 1067 2980 1175 3061; x_wconf 80' lang='grc' dir='ltr'>ψυχαῖς</span> <span class='ocrx_word' id='word_1_193' title='bbox 1207 2980 1261 3061; x_wconf 78' lang='lat' dir='ltr'><strong>rip</strong></span> 
     </span>
     <span class='ocr_line' id='line_1_25' title="bbox 147 3079 1260 3169; baseline 0 -22"><span class='ocrx_word' id='word_1_194' title='bbox 147 3085 232 3148; x_wconf 86' lang='grc' dir='ltr'>πόλιν</span> <span class='ocrx_word' id='word_1_195' title='bbox 255 3086 307 3147; x_wconf 79' lang='grc' dir='ltr'><strong>καί</strong></span> <span class='ocrx_word' id='word_1_196' title='bbox 329 3092 388 3155; x_wconf 82' lang='grc' dir='ltr'>τοῖς</span> <span class='ocrx_word' id='word_1_197' title='bbox 411 3081 513 3155; x_wconf 83' lang='grc' dir='ltr'>ἄλλοις</span> <span class='ocrx_word' id='word_1_198' title='bbox 535 3086 719 3169; x_wconf 66' lang='grc' dir='ltr'>κτησάμενοι.</span> <span class='ocrx_word' id='word_1_199' title='bbox 760 3079 826 3145; x_wconf 86' lang='lat' dir='ltr'><strong>Sed</strong></span> <span class='ocrx_word' id='word_1_200' title='bbox 840 3100 912 3145; x_wconf 85' lang='lat' dir='ltr'><strong>oum</strong></span> <span class='ocrx_word' id='word_1_201' title='bbox 926 3079 1028 3145; x_wconf 89' lang='lat' dir='ltr'><strong>altero</strong></span> <span class='ocrx_word' id='word_1_202' title='bbox 1042 3080 1159 3164; x_wconf 90' lang='lat' dir='ltr'><strong>prioris</strong></span> <span class='ocrx_word' id='word_1_203' title='bbox 1173 3080 1260 3147; x_wconf 91' lang='lat' dir='ltr'><strong>illius</strong></span> 
     </span>
     <span class='ocr_line' id='line_1_26' title="bbox 147 3185 1260 3269; baseline 0 -17"><span class='ocrx_word' id='word_1_204' title='bbox 147 3187 327 3253; x_wconf 88' lang='lat' dir='ltr'><strong>sententiae</strong></span> <span class='ocrx_word' id='word_1_205' title='bbox 359 3187 499 3253; x_wconf 89' lang='lat' dir='ltr'><strong>membro</strong></span> <span class='ocrx_word' id='word_1_206' title='bbox 530 3187 637 3253; x_wconf 85' lang='lat' dir='ltr'><strong>verbis</strong></span> <span class='ocrx_word' id='word_1_207' title='bbox 669 3185 799 3269; x_wconf 88' lang='lat' dir='ltr'><strong>quidem</strong></span> <span class='ocrx_word' id='word_1_208' title='bbox 830 3186 935 3269; x_wconf 80' lang='lat' dir='ltr'><strong>magis</strong></span> <span class='ocrx_word' id='word_1_209' title='bbox 967 3186 1114 3269; x_wconf 78' lang='lat' dir='ltr'><strong>congruit</strong></span> <span class='ocrx_word' id='word_1_210' title='bbox 1149 3206 1260 3252; x_wconf 89' lang='lat' dir='ltr'><strong>rursus</strong></span> 
     </span>
     <span class='ocr_line' id='line_1_27' title="bbox 146 3291 1258 3380; baseline -0.002 -21"><span class='ocrx_word' id='word_1_211' title='bbox 146 3296 167 3373; x_wconf 67' lang='grc' dir='ltr'>ξ</span> <span class='ocrx_word' id='word_1_212' title='bbox 199 3295 243 3359; x_wconf 84' lang='grc'><strong>44</strong></span> <span class='ocrx_word' id='word_1_213' title='bbox 278 3298 403 3380; x_wconf 77' lang='grc' dir='ltr'>κοινὴν</span> <span class='ocrx_word' id='word_1_214' title='bbox 442 3298 504 3380; x_wconf 84' lang='grc' dir='ltr'><strong>τὴν</strong></span> <span class='ocrx_word' id='word_1_215' title='bbox 528 3293 740 3379; x_wconf 76' lang='grc' dir='ltr'>ἐλευθερίαν</span> <span class='ocrx_word' id='word_1_216' title='bbox 771 3298 823 3359; x_wconf 79' lang='grc' dir='ltr'><strong>καὶ</strong></span> <span class='ocrx_word' id='word_1_217' title='bbox 854 3304 915 3367; x_wconf 88' lang='grc' dir='ltr'>τοῖς</span> <span class='ocrx_word' id='word_1_218' title='bbox 952 3292 1055 3366; x_wconf 83' lang='grc' dir='ltr'>ἄλλοις</span> <span class='ocrx_word' id='word_1_219' title='bbox 1087 3291 1258 3380; x_wconf 62' lang='grc' dir='ltr'>ἐλπίσαντα</span> 
     </span>
     <span class='ocr_line' id='line_1_28' title="bbox 147 3399 1260 3485; baseline 0 -20"><span class='ocrx_word' id='word_1_220' title='bbox 147 3400 268 3465; x_wconf 80' lang='lat' dir='ltr'><strong>Contra</strong></span> <span class='ocrx_word' id='word_1_221' title='bbox 296 3400 337 3466; x_wconf 93' lang='lat' dir='ltr'><strong>de</strong></span> <span class='ocrx_word' id='word_1_222' title='bbox 364 3400 430 3467; x_wconf 89' lang='lat' dir='ltr'><strong>illis</strong></span> <span class='ocrx_word' id='word_1_223' title='bbox 459 3400 586 3485; x_wconf 86' lang='lat' dir='ltr'><strong>patriae</strong></span> <span class='ocrx_word' id='word_1_224' title='bbox 614 3400 839 3466; x_wconf 86' lang='lat' dir='ltr'><strong>liberatoribus</strong></span> <span class='ocrx_word' id='word_1_225' title='bbox 868 3403 920 3485; x_wconf 87' lang='grc'><strong>31,</strong></span> <span class='ocrx_word' id='word_1_226' title='bbox 952 3402 1004 3485; x_wconf 89' lang='grc'><strong>32,</strong></span> <span class='ocrx_word' id='word_1_227' title='bbox 1031 3399 1260 3485; x_wconf 77' lang='lat' dir='ltr'><strong>praedicantur</strong></span> 
     </span>
     <span class='ocr_line' id='line_1_29' title="bbox 146 3506 1260 3590; baseline 0 -17"><span class='ocrx_word' id='word_1_228' title='bbox 146 3508 271 3574; x_wconf 77' lang='grc' dir='ltr'>κίνδυνοι</span> <span class='ocrx_word' id='word_1_229' title='bbox 294 3512 327 3572; x_wconf 93' lang='lat' dir='ltr'><strong>et</strong></span> <span class='ocrx_word' id='word_1_230' title='bbox 350 3506 471 3590; x_wconf 75' lang='grc' dir='ltr'>ἀγῶνες,</span> <span class='ocrx_word' id='word_1_231' title='bbox 496 3507 550 3590; x_wconf 92' lang='lat' dir='ltr'><strong>qui</strong></span> <span class='ocrx_word' id='word_1_232' title='bbox 573 3506 700 3572; x_wconf 91' lang='lat' dir='ltr'><strong>omnino</strong></span> <span class='ocrx_word' id='word_1_233' title='bbox 723 3506 767 3571; x_wconf 89' lang='lat' dir='ltr'><strong>ad</strong></span> <span class='ocrx_word' id='word_1_234' title='bbox 790 3506 1004 3573; x_wconf 87' lang='lat' dir='ltr'><strong>Athenienses</strong></span> <span class='ocrx_word' id='word_1_235' title='bbox 1027 3506 1069 3572; x_wconf 92' lang='lat' dir='ltr'><strong>de</strong></span> <span class='ocrx_word' id='word_1_236' title='bbox 1091 3507 1260 3581; x_wconf 87' lang='lat' dir='ltr'><strong>liberanda</strong></span> 
     </span>
     <span class='ocr_line' id='line_1_30' title="bbox 148 3611 1259 3697; baseline -0.001 -18"><span class='ocrx_word' id='word_1_237' title='bbox 148 3613 287 3679; x_wconf 77' lang='lat' dir='ltr'><strong>Graecia</strong></span> <span class='ocrx_word' id='word_1_238' title='bbox 309 3613 488 3681; x_wconf 84' lang='lat' dir='ltr'><strong>reseruntur</strong></span> <span class='ocrx_word' id='word_1_239' title='bbox 511 3617 531 3695; x_wconf 64' lang='grc' dir='ltr'>ξ</span> <span class='ocrx_word' id='word_1_240' title='bbox 555 3614 606 3681; x_wconf 82' lang='lat'><strong>55.</strong></span> <span class='ocrx_word' id='word_1_241' title='bbox 651 3612 753 3679; x_wconf 89' lang='lat' dir='ltr'><strong>Iidem</strong></span> <span class='ocrx_word' id='word_1_242' title='bbox 775 3612 851 3693; x_wconf 66' lang='lat' dir='ltr'><strong>his</strong></span> <span class='ocrx_word' id='word_1_243' title='bbox 878 3616 918 3679; x_wconf 83' lang='grc'><strong>13</strong></span> <span class='ocrx_word' id='word_1_244' title='bbox 947 3611 1155 3697; x_wconf 88' lang='lat' dir='ltr'><strong>perhibentur</strong></span> <span class='ocrx_word' id='word_1_245' title='bbox 1175 3634 1259 3679; x_wconf 89' lang='lat' dir='ltr'><strong>oom-</strong></span> 
     </span>
     <span class='ocr_line' id='line_1_31' title="bbox 146 3719 1260 3804; baseline 0 -19"><span class='ocrx_word' id='word_1_246' title='bbox 146 3720 363 3787; x_wconf 86' lang='lat' dir='ltr'><strong>munioavisse</strong></span> <span class='ocrx_word' id='word_1_247' title='bbox 384 3724 437 3793; x_wconf 84' lang='grc' dir='ltr'><strong>τὰς</strong></span> <span class='ocrx_word' id='word_1_248' title='bbox 460 3719 495 3785; x_wconf 79' lang='grc' dir='ltr'><strong>ἐν</strong></span> <span class='ocrx_word' id='word_1_249' title='bbox 517 3732 573 3786; x_wconf 79' lang='grc' dir='ltr'><strong>τῶν</strong></span> <span class='ocrx_word' id='word_1_250' title='bbox 595 3722 729 3786; x_wconf 80' lang='grc' dir='ltr'>νινδδνυν</span> <span class='ocrx_word' id='word_1_251' title='bbox 754 3720 887 3798; x_wconf 77' lang='grc' dir='ltr'>ἐλπίδας,</span> <span class='ocrx_word' id='word_1_252' title='bbox 911 3719 1030 3804; x_wconf 90' lang='lat' dir='ltr'><strong>quippe</strong></span> <span class='ocrx_word' id='word_1_253' title='bbox 1053 3720 1139 3802; x_wconf 92' lang='lat' dir='ltr'><strong>quod</strong></span> <span class='ocrx_word' id='word_1_254' title='bbox 1163 3721 1260 3786; x_wconf 90' lang='lat' dir='ltr'><strong>etiam</strong></span> 
     </span>
     <span class='ocr_line' id='line_1_32' title="bbox 148 3825 1260 3913; baseline -0.001 -20"><span class='ocrx_word' id='word_1_255' title='bbox 148 3826 275 3893; x_wconf 88' lang='lat' dir='ltr'><strong>dieatur</strong></span> <span class='ocrx_word' id='word_1_256' title='bbox 297 3828 371 3912; x_wconf 88' lang='grc'><strong>34,9</strong></span> <span class='ocrx_word' id='word_1_257' title='bbox 394 3826 410 3891; x_wconf 86' lang='grc' dir='ltr'>δ</span> <span class='ocrx_word' id='word_1_258' title='bbox 433 3829 563 3900; x_wconf 79' lang='grc' dir='ltr'>κίνδυνος</span> <span class='ocrx_word' id='word_1_259' title='bbox 586 3826 649 3913; x_wconf 75' lang='grc' dir='ltr'>ἔχει</span> <span class='ocrx_word' id='word_1_260' title='bbox 671 3830 725 3899; x_wconf 87' lang='grc' dir='ltr'><strong>τὰς</strong></span> <span class='ocrx_word' id='word_1_261' title='bbox 747 3825 879 3899; x_wconf 82' lang='grc' dir='ltr'>ἐλπίδας.</span> <span class='ocrx_word' id='word_1_262' title='bbox 920 3827 1042 3897; x_wconf 85' lang='lat' dir='ltr'><strong>Rursus</strong></span> <span class='ocrx_word' id='word_1_263' title='bbox 1056 3826 1260 3909; x_wconf 90' lang='lat' dir='ltr'><strong>quemadmo-</strong></span> 
     </span>
     <span class='ocr_line' id='line_1_33' title="bbox 149 3932 1260 4021; baseline 0 -22"><span class='ocrx_word' id='word_1_264' title='bbox 149 3934 224 4000; x_wconf 92' lang='lat' dir='ltr'><strong>dum</strong></span> <span class='ocrx_word' id='word_1_265' title='bbox 245 3934 387 4017; x_wconf 83' lang='lat' dir='ltr'><strong>iungitur</strong></span> <span class='ocrx_word' id='word_1_266' title='bbox 409 3937 429 4015; x_wconf 64' lang='grc' dir='ltr'><strong>ἓ</strong></span> <span class='ocrx_word' id='word_1_267' title='bbox 453 3934 495 4001; x_wconf 81' lang='grc'><strong>53</strong></span> <span class='ocrx_word' id='word_1_268' title='bbox 518 3932 538 4021; x_wconf 81' lang='grc' dir='ltr'>ἡ</span> <span class='ocrx_word' id='word_1_269' title='bbox 562 3936 681 4021; x_wconf 83' lang='grc' dir='ltr'>δυναρις</span> <span class='ocrx_word' id='word_1_270' title='bbox 702 3933 738 4021; x_wconf 83' lang='grc' dir='ltr'><strong>ἠν</strong></span> <span class='ocrx_word' id='word_1_271' title='bbox 761 3940 898 4020; x_wconf 78' lang='grc' dir='ltr'><strong>οωτρρία,</strong></span> <span class='ocrx_word' id='word_1_272' title='bbox 922 3934 970 4000; x_wconf 88' lang='lat' dir='ltr'><strong>sio</strong></span> <span class='ocrx_word' id='word_1_273' title='bbox 991 3933 1128 4017; x_wconf 84' lang='lat' dir='ltr'><strong>legimus</strong></span> <span class='ocrx_word' id='word_1_274' title='bbox 1153 3936 1260 4019; x_wconf 88' lang='grc'><strong>12,14</strong></span> 
     </span>
     <span class='ocr_line' id='line_1_34' title="bbox 147 4038 1260 4128; baseline 0 -23"><span class='ocrx_word' id='word_1_275' title='bbox 147 4048 304 4128; x_wconf 85' lang='grc' dir='ltr'>παράσχου</span> <span class='ocrx_word' id='word_1_276' title='bbox 327 4046 378 4128; x_wconf 77' lang='grc' dir='ltr'><strong>τὴν</strong></span> <span class='ocrx_word' id='word_1_277' title='bbox 402 4043 519 4128; x_wconf 80' lang='grc' dir='ltr'>δυναρυν</span> <span class='ocrx_word' id='word_1_278' title='bbox 541 4038 583 4115; x_wconf 78' lang='grc' dir='ltr'>εἰς</span> <span class='ocrx_word' id='word_1_279' title='bbox 608 4045 662 4127; x_wconf 72' lang='grc' dir='ltr'><strong>τὴν</strong></span> <span class='ocrx_word' id='word_1_280' title='bbox 693 4046 836 4128; x_wconf 80' lang='grc' dir='ltr'>σωτηρίαν</span> <span class='ocrx_word' id='word_1_281' title='bbox 864 4046 897 4105; x_wconf 86' lang='lat' dir='ltr'><strong>et</strong></span> <span class='ocrx_word' id='word_1_282' title='bbox 928 4043 988 4126; x_wconf 77' lang='lat'><strong>27,</strong></span> <span class='ocrx_word' id='word_1_283' title='bbox 1017 4043 1037 4107; x_wconf 90' lang='grc'>6</span> <span class='ocrx_word' id='word_1_284' title='bbox 1065 4052 1102 4127; x_wconf 72' lang='grc' dir='ltr'><strong>πρ</strong></span> <span class='ocrx_word' id='word_1_285' title='bbox 1130 4043 1155 4105; x_wconf 93' lang='grc' dir='ltr'><strong>δ.</strong></span> <span class='ocrx_word' id='word_1_286' title='bbox 1184 4039 1260 4105; x_wconf 85' lang='grc' dir='ltr'>ἐου-</span> 
     </span>
     <span class='ocr_line' id='line_1_35' title="bbox 148 4134 1260 4235; baseline 0 -22"><span class='ocrx_word' id='word_1_287' title='bbox 148 4151 258 4235; x_wconf 73' lang='grc' dir='ltr'>δρσαν.</span> <span class='ocrx_word' id='word_1_288' title='bbox 303 4146 374 4224; x_wconf 77' lang='lat' dir='ltr'><strong>Quo</strong></span> <span class='ocrx_word' id='word_1_289' title='bbox 398 4153 505 4213; x_wconf 87' lang='lat' dir='ltr'><strong>autem</strong></span> <span class='ocrx_word' id='word_1_290' title='bbox 527 4147 651 4233; x_wconf 89' lang='lat' dir='ltr'><strong>turpius</strong></span> <span class='ocrx_word' id='word_1_291' title='bbox 674 4146 801 4213; x_wconf 88' lang='lat' dir='ltr'><strong>videtur</strong></span> <span class='ocrx_word' id='word_1_292' title='bbox 828 4134 902 4213; x_wconf 87' lang='lat' dir='ltr'><strong>esse</strong></span> <span class='ocrx_word' id='word_1_293' title='bbox 934 4147 1054 4213; x_wconf 91' lang='lat' dir='ltr'><strong>oratori</strong></span> <span class='ocrx_word' id='word_1_294' title='bbox 1084 4147 1260 4213; x_wconf 88' lang='lat' dir='ltr'><strong>maioribus</strong></span> 
     </span>
     <span class='ocr_line' id='line_1_36' title="bbox 150 4252 1259 4339; baseline -0.002 -18"><span class='ocrx_word' id='word_1_295' title='bbox 150 4255 249 4321; x_wconf 88' lang='lat' dir='ltr'><strong>etiam</strong></span> <span class='ocrx_word' id='word_1_296' title='bbox 279 4273 337 4339; x_wconf 93' lang='lat' dir='ltr'><strong>pro</strong></span> <span class='ocrx_word' id='word_1_297' title='bbox 370 4260 546 4322; x_wconf 88' lang='lat' dir='ltr'><strong>oeterorum</strong></span> <span class='ocrx_word' id='word_1_298' title='bbox 582 4254 777 4320; x_wconf 79' lang='lat' dir='ltr'><strong>Graeeomm</strong></span> <span class='ocrx_word' id='word_1_299' title='bbox 811 4254 960 4320; x_wconf 87' lang='lat' dir='ltr'><strong>libertate</strong></span> <span class='ocrx_word' id='word_1_300' title='bbox 991 4254 1182 4338; x_wconf 81' lang='lat' dir='ltr'><strong>periclitatis</strong></span> <span class='ocrx_word' id='word_1_301' title='bbox 1217 4252 1259 4319; x_wconf 92' lang='lat' dir='ltr'><strong>de</strong></span> 
     </span>
     <span class='ocr_line' id='line_1_37' title="bbox 151 4360 1260 4446; baseline -0.003 -19"><span class='ocrx_word' id='word_1_302' title='bbox 151 4381 215 4427; x_wconf 82' lang='lat' dir='ltr'><strong>sua·</strong></span> <span class='ocrx_word' id='word_1_303' title='bbox 233 4361 335 4446; x_wconf 92' lang='lat' dir='ltr'><strong>ipsius</strong></span> <span class='ocrx_word' id='word_1_304' title='bbox 358 4381 422 4426; x_wconf 93' lang='lat' dir='ltr'><strong>non</strong></span> <span class='ocrx_word' id='word_1_305' title='bbox 446 4360 566 4427; x_wconf 88' lang='lat' dir='ltr'><strong>audere</strong></span> <span class='ocrx_word' id='word_1_306' title='bbox 590 4360 753 4427; x_wconf 88' lang='lat' dir='ltr'><strong>debellare</strong></span> <span class='ocrx_word' id='word_1_307' title='bbox 777 4362 828 4443; x_wconf 90' lang='grc'><strong>34,</strong></span> <span class='ocrx_word' id='word_1_308' title='bbox 855 4363 904 4445; x_wconf 91' lang='grc'><strong>11,</strong></span> <span class='ocrx_word' id='word_1_309' title='bbox 927 4380 966 4425; x_wconf 92' lang='lat' dir='ltr'><strong>eo</strong></span> <span class='ocrx_word' id='word_1_310' title='bbox 989 4360 1136 4426; x_wconf 87' lang='lat' dir='ltr'><strong>deeorins</strong></span> <span class='ocrx_word' id='word_1_311' title='bbox 1160 4360 1190 4427; x_wconf 89' lang='lat' dir='ltr'><strong>ei</strong></span> <span class='ocrx_word' id='word_1_312' title='bbox 1213 4361 1260 4424; x_wconf 85' lang='lat' dir='ltr'><strong>vi-</strong></span> 
     </span>
     <span class='ocr_line' id='line_1_38' title="bbox 151 4466 1259 4552; baseline -0.003 -20"><span class='ocrx_word' id='word_1_313' title='bbox 151 4467 265 4533; x_wconf 91' lang='lat' dir='ltr'><strong>deatur</strong></span> <span class='ocrx_word' id='word_1_314' title='bbox 296 4487 429 4533; x_wconf 82' lang='lat' dir='ltr'><strong>neeesse</strong></span> <span class='ocrx_word' id='word_1_315' title='bbox 462 4472 512 4533; x_wconf 88' lang='lat' dir='ltr'><strong>est</strong></span> <span class='ocrx_word' id='word_1_316' title='bbox 542 4486 606 4533; x_wconf 90' lang='lat' dir='ltr'><strong>non</strong></span> <span class='ocrx_word' id='word_1_317' title='bbox 638 4467 741 4533; x_wconf 91' lang='lat' dir='ltr'><strong>solum</strong></span> <span class='ocrx_word' id='word_1_318' title='bbox 773 4466 814 4531; x_wconf 92' lang='lat' dir='ltr'><strong>de</strong></span> <span class='ocrx_word' id='word_1_319' title='bbox 846 4487 906 4532; x_wconf 90' lang='lat' dir='ltr'><strong>sua</strong></span> <span class='ocrx_word' id='word_1_320' title='bbox 939 4466 1044 4538; x_wconf 87' lang='lat' dir='ltr'><strong>salute</strong></span> <span class='ocrx_word' id='word_1_321' title='bbox 1075 4466 1259 4552; x_wconf 81' lang='lat' dir='ltr'><strong>periclitari,</strong></span> 
     </span>
    </p>
   </div>
   <div class='ocr_carea' id='block_1_6' title="bbox 0 0 1530 5067">
    <p class='ocr_par' dir='ltr' id='par_1_6' title="bbox 0 0 1530 5067">
     <span class='ocr_line' id='line_1_39' title="bbox 0 0 1530 5067; baseline 0 0"><span class='ocrx_word' id='word_1_322' title='bbox 0 0 1530 5067; x_wconf 95' lang='lat' dir='ltr'><strong> </strong></span> 
     </span>
    </p>
   </div>
  </div>
 </body>
</html>
