3034 5067
807 410 851 475 24

276 606 364 671 niam
379 605 499 691 Lysiae
523 604 620 671 dictio
643 604 677 671 in
700 604 862 671 contraria
885 604 1115 671 sententiarum
1137 611 1298 672 structura
1319 625 1388 672 ver-

277 713 342 780 sari
366 712 457 797 33131,
480 712 599 779 multas
620 712 768 778 notiones
790 711 884 778 binas
906 712 1009 797 repeti
1031 731 1167 779 necesse
1189 718 1247 778 est
1284 713 1390 795 Atque

270 821 303 885 in
335 818 538 905 oppositione
567 818 700 885 duorum
723 819 892 885 verborum
918 818 1099 904 affectuum,
1131 818 1278 903 quamvis
1309 819 1391 885 haec

273 925 402 1010 quidem
430 924 513 992 ratio
541 926 679 993 omnium
707 926 883 993 communis
911 945 985 992 esse
1007 924 1170 1010 videatur,
1200 925 1269 991 sine
1292 925 1390 991 dubio

272 1040 362 1100 certa
393 1032 533 1117 vestigia
563 1033 685 1118 ingenii
716 1032 852 1119 Lysiani
885 1031 1024 1100 discerni
1056 1039 1213 1118 possunt:
1247 1036 1391 1122 φθονεῖν-

271 1140 366 1206 tirso
394 1143 414 1220 5
438 1143 489 1208 67.
523 1142 574 1225 21,
599 1143 628 1206 5.
660 1142 711 1224 24,
736 1142 771 1224 2,
808 1139 1032 1227 ζηλοῦν-ἐλεεῖν
1063 1141 1150 1220 313
1183 1142 1217 1221 (3
1242 1141 1306 1221 72).
1338 1140 1391 1206 Er.

271 1246 378 1330 23313,
394 1250 754 1335 πιστεὺειν-καταφρονεῖν
768 1250 788 1327 3
802 1248 854 1313 50.
871 1248 920 1332 12,
935 1249 993 1330 86,
1013 1243 1391 1333 sictonensis-possets

271 1357 292 1434 a
318 1357 367 1420 11.
390 1354 441 1438 33,
467 1355 506 1420 17
532 1353 598 1438 (24,
623 1356 674 1430 10,
698 1354 750 1438 aa,
777 1355 826 1438 13,
850 1355 902 1439 33,
925 1356 972 1435 s).
1009 1352 1275 1419 stanconam
1299 1352 1392 1419 omn-
1443 1338 1446 1341 ’

273 1466 393 1545 tamus,
420 1459 511 1527 velut
538 1459 855 1548 ἐμβάλλειν-ἀπαντᾶν
879 1464 899 1542 3
922 1461 974 1527 52.
1003 1461 1055 1545 34,
1079 1462 1108 1545 8,
1136 1459 1235 1527 etiam
1255 1459 1394 1526 minores
1425 1444 1428 1449 ¹

272 1566 431 1651 quasdam
462 1568 611 1634 notiones
644 1566 706 1634 sibi
739 1567 923 1653 opponendi
955 1565 1154 1634 consuetudo
1189 1566 1224 1632 in
1256 1586 1387 1633 censum

271 1674 382 1740 vocari
395 1680 517 1759 potest:
534 1676 594 1757 32.
612 1676 763 1760 12,1,99.
780 1676 874 1760 17,1,
898 1674 980 1755 551.
997 1676 1046 1759 10,
1059 1677 1096 1757 4,
1120 1676 1203 1756 364.
1225 1672 1277 1739 Er.
1287 1674 1391 1759 2333,

273 1784 363 1863 367.
387 1783 509 1866 32,17,
534 1782 625 1866 348,
653 1783 700 1867 12,
717 1782 865 1863 7,373.
892 1786 919 1865 1,
934 1783 991 1865 39,
1015 1783 1105 1861 356.
1132 1782 1181 1865 12,
1195 1782 1248 1847 93.
1291 1779 1390 1845 Haud

273 1908 376 1974 parva
395 1906 473 1972 pars
489 1886 716 1953 antithetorum
738 1887 785 1952 ita
800 1884 939 1953 formata
961 1893 1020 1972 331,
1043 1893 1078 1952 31
1100 1886 1226 1953 duobus
1241 1886 1394 1953 membris

273 1994 335 2061 sibi
356 1994 490 2080 paribus
513 2014 577 2060 non
596 2001 663 2061 tam
686 1994 900 2061 contentionis
923 2014 1020 2078 quam
1043 1993 1275 2079 congruentiae
1289 2013 1395 2060 causa

273 2101 337 2167 duo
369 2121 548 2187 synonyma
580 2101 736 2168 attributa
767 2101 878 2186 itaque
910 2102 1005 2187 quasi
1037 2102 1098 2168 sibi
1128 2102 1286 2188 opposita
1319 2102 1394 2169 sint.

274 2207 345 2287 Quo
367 2228 498 2276 munere
513 2208 688 2294 funguutur
710 2208 865 2295 imprimis
888 2210 988 2276 verba
1009 2208 1106 2276 haec:
1132 2209 1391 2297 ἐποίησαν-κατέ-

274 2338 386 2403 στησαν
412 2318 433 2398 3
461 2316 512 2383 56.
545 2320 565 2398 3
596 2319 645 2383 71.
680 2318 730 2400 12,
758 2318 797 2382 21
829 2314 909 2402 (55).
942 2318 994 2401 29,
1016 2318 1046 2382 3.
1082 2318 1134 2402 33,
1158 2320 1195 2401 6,
1227 2318 1393 2403 ἐποίησαν-

274 2422 423 2496 latiatim
447 2423 535 2503 555.
552 2424 638 2507 28,4
662 2421 698 2487 ir.
715 2425 742 2507 1,
756 2423 793 2506 5,
817 2422 1149 2513 ἀπέδειξαν-ἀπέφηναν
1169 2426 1190 2506 5
1205 2426 1256 2489 63.
1271 2426 1322 2509 32,
1337 2426 1392 2490 22.

275 2528 481 2616 Quantopere
495 2550 571 2596 vero
595 2535 704 2595 orator
725 2529 759 2595 in
782 2529 903 2597 talibus
915 2531 1012 2598 rebus
1036 2530 1098 2597 sibi
1112 2537 1261 2597 constare
1276 2531 1391 2617 soleat,

274 2637 385 2704 videre
415 2637 493 2703 licet
524 2657 564 2703 ex
596 2636 800 2703 contentione
831 2638 972 2723 oppositi
1004 2638 1394 2712 ζῶντες-ἀποθανόντες

275 2749 343 2826 51.
374 2747 464 2827 569.
497 2747 585 2826 378.
620 2745 741 2829 12,99.
778 2747 828 2829 19,
845 2746 899 2830 45,
917 2746 969 2811 49.
1001 2747 1111 2831 32,19
1144 2745 1283 2813 13313333
1315 2765 1389 2811 cum

275 2854 701 2939 ζῶντες-τετελευτηκότες
737 2851 821 2918 Plat
851 2852 967 2918 Menex
1003 2854 1113 2938 2363,
1150 2853 1256 2934 2371),
1293 2851 1400 2919 24611

275 2959 374 3043 24813,
398 2960 495 3025 2493.
540 2960 582 3025 Is.
606 2960 637 3044 4,
663 2960 735 3026 186.
782 2958 864 3025 Χ33.
886 2958 986 3043 Ages.
1013 2962 1062 3044 ll,
1085 2960 1115 3027 8.
1160 2958 1394 3045 03331132.

274 3066 412 3150 Lyeurg.
436 3067 488 3133 60.
533 3065 627 3133 Dein.
653 3069 681 3151 2,
705 3067 757 3133 20.

346 3172 398 3238 Ad
439 3174 758 3259 compositionem
802 3173 971 3239 uerborum
1011 3179 1217 3241 transeuntes
1258 3174 1396 3259 primum

275 3280 369 3365 quasi
392 3280 471 3345 nihil
495 3279 585 3347 aliud
608 3280 670 3346 nisi
694 3279 727 3345 in
741 3279 879 3345 materia
892 3279 1042 3347 instituta
1063 3280 1193 3365 longius
1216 3286 1394 3367 pergentes

275 3386 426 3454 extremis
448 3386 652 3453 lineamentis
676 3386 930 3453 demonstremus
958 3386 1073 3454 silvam
1102 3407 1208 3453 rerum
1231 3386 1390 3473 epitaphii

275 3495 307 3559 in
336 3494 472 3579 singulis
501 3494 613 3580 etiam,
642 3500 678 3560 ut
704 3494 752 3561 113
782 3493 900 3579 (licam,
933 3494 1136 3579 pragmatica
1168 3500 1201 3560 et
1227 3493 1392 3560 rhetorica

274 3600 399 3667 ratione
430 3600 578 3667 similiter
610 3607 707 3685 atque
744 3600 778 3665 in
814 3606 921 3667 cetero
958 3620 1077 3684 genere
1112 3599 1253 3667 effictam
1290 3606 1390 3684 atquc

274 3707 381 3774 verbis
414 3707 533 3774 elatam
565 3728 648 3775 esse.
716 3707 796 3774 (lum
833 3714 942 3773 autem
977 3713 1200 3792 argumentum
1233 3707 1390 3775 orationis

274 3813 546 3881 demonstrativae
573 3821 671 3898 atque
699 3813 842 3881 funebris
871 3814 1011 3898 quadam
1038 3814 1164 3881 ratione
1196 3820 1265 3880 toto
1297 3814 1392 3881 33313

274 3920 374 3988 distet
397 3921 566 3989 amaterie
589 3921 770 3987 orationum
792 3920 1000 4007 iudicialium,
1023 3941 1127 4005 neque
1145 3920 1288 3987 namatio
1313 3919 1391 3987 1331-

276 4048 390 4095 norum
411 4028 567 4095 maiorum
590 4028 687 4095 133113
710 4049 782 4095 eum
805 4027 893 4095 nuda
916 4028 1118 4115 expositione
1141 4035 1246 4096 status
1270 4048 1392 4095 causae

274 4136 412 4203 forensis
436 4136 616 4222 comparari
639 4136 752 4223 333311,
776 4136 968 4221 praesertim
991 4136 1020 4203 31
1042 4137 1125 4203 haec
1144 4156 1210 4203 non
1232 4136 1276 4202 ad
1291 4136 1391 4202 vitam

274 4242 436 4328 publicam
465 4242 524 4310 sed
551 4244 711 4330 privatam
740 4243 893 4329 pertinet,
925 4244 959 4310 in
985 4263 1091 4310 rerum
1119 4244 1263 4329 ipsarum
1290 4244 1391 4329 expli·

275 4350 401 4415 catione
431 4349 519 4416 haud
546 4350 644 4417 facile
666 4350 806 4417 maiores
835 4371 875 4417 33
896 4350 1134 4419 manifestiores
1163 4349 1391 4417 similitudines

276 4461 467 4523 statuantur.
512 4457 539 4523 Ii
568 4457 695 4525 demum
723 4457 880 4543 epitaphii
907 4459 984 4544 loci,
1017 4459 1132 4543 quibus
1160 4465 1269 4524 orator
1295 4458 1390 4542 quasi
