3034 5067
782 410 825 473 36

244 606 367 667 tautum
398 602 508 685 abest,
544 608 580 666 ut
611 600 688 668 illae
723 602 875 669 licentiae
906 601 1035 669 dicendi
1066 602 1151 667 bano
1182 602 1363 669 orationem

245 713 431 792 suspectam
453 706 605 793 reddant,
628 716 663 774 ut
685 709 804 793 partim
826 728 978 792 magnum
1000 707 1079 773 mibi
1100 716 1295 775 momentum
1318 708 1364 774 ad

245 812 342 880 fidem
372 815 659 898 auctoritatemque
687 815 756 881 eius
785 814 1015 881 stabiliendam
1050 821 1148 899 atque
1175 816 1364 881 confirman-

247 920 321 986 dam
344 920 460 987 afferre
482 920 662 987 videantur.
699 921 735 987 si
758 922 858 1004 igitur
880 921 965 987 hanc
987 922 1056 988 lere
1078 923 1234 989 rationem
1258 924 1364 1005 sequi·

245 1048 333 1113 mur,
371 1026 414 1093 ad
450 1027 668 1112 granditatem
705 1026 868 1112 quandam
908 1029 997 1095 valet
1033 1049 1073 1095 ao
1107 1030 1247 1114 pertinet
1281 1029 1365 1097 haec

246 1134 399 1201 adiectivi
422 1155 492 1201 cum
516 1134 669 1202 adverbio
693 1135 893 1202 coniunctior
926 1138 1015 1216 §20
1044 1141 1105 1201 καὶ
1133 1140 1275 1223 μεγάλα
1300 1141 1365 1203 καὶ

245 1252 419 1329 πανταχοῦ
441 1244 609 1327 (τρόπαια),
637 1244 689 1328 33,
712 1246 741 1310 4,
761 1247 822 1308 καὶ
850 1246 1035 1329 μεγάλους
1061 1248 1123 1308 καὶ
1145 1247 1364 1330 πανταχόθεν

245 1349 436 1434 (κινδίννοος),
472 1352 521 1434 14,
537 1352 578 1416 19
609 1354 670 1415 καὶ
693 1354 851 1437 μεγάλαι
873 1354 934 1415 καὶ
956 1346 1028 1435 ὑπὲρ
1051 1348 1208 1416 ἁπάντων
1231 1375 1255 1415 τ.
1278 1348 1364 1415 ‘Elu-

246 1456 389 1542 (ἀρεταί).
453 1454 580 1523 Deinde
617 1455 658 1523 de
696 1456 839 1540 genetivi
875 1476 936 1522 usu
973 1455 1103 1541 proprio
1140 1456 1365 1542 componenda

245 1561 396 1629 videntur
428 1569 461 1631 et
494 1566 514 1644 ἓ
543 1565 563 1631 8
596 1569 778 1637 τοῖς.ζῶαιν
809 1562 965 1649 Ἀργείων,
1000 1567 1050 1649 18,
1076 1568 1114 1631 11
1146 1576 1209 1637 τοῖς
1240 1565 1364 1630 ἐλθοῦσι

247 1668 496 1758 Πελοποννησίων
525 1676 557 1735 et
584 1674 604 1751 ξ
635 1672 678 1738 56
702 1671 798 1737 coreo>
818 1683 876 1737 τῶν
900 1670 1018 1747 ἑαυτοῦ,
1057 1673 1107 1756 13,
1130 1673 1150 1737 9
1179 1683 1235 1737 τῶν
1258 1683 1366 1758 τειχῶν

247 1780 357 1853 δαλεῖν,
390 1776 604 1863 etrusci,
634 1778 685 1861 58,
705 1781 734 1843 2.
781 1776 984 1861 Quamquam
1013 1778 1152 1843 omnium
1177 1778 1364 1861 eommunis,

247 1890 356 1951 mmeu
369 1890 482 1950 notatu
503 1904 568 1949 non
582 1883 735 1967 indignus
759 1890 810 1951 est
832 1904 911 1952 usus
934 1884 990 1950 ille
1003 1884 1167 1969 participii
1180 1884 1364 1970 praesentis

248 1990 384 2059 subiecti
406 1992 439 2055 in
461 1990 565 2057 vicem
589 1990 807 2059 succedentis:
832 1994 852 2072 8
876 1994 918 2057 29
943 1991 1097 2080 ἀμφότερα
1120 1993 1145 2055 δ’
1168 1991 1213 2079 ἡν
1236 1989 1365 2063 αὐτοὺς

248 2102 291 2165 τὰ
304 2101 492 2179 πείθοντα,
507 2098 560 2165 Er.
575 2100 665 2165 2320
679 2102 781 2163 πολλὰ
794 2102 851 2185 γὰρ
871 2095 1000 2171 abacti<
1016 2096 1091 2163 ἐστι
1110 2102 1153 2163 τὰ
1172 2102 1363 2173 λυποῦντα,
1493 2183 1497 2192 Ι

248 2204 287 2273 cf.
313 2208 416 2291 1,16,
442 2208 490 2273 19.
522 2207 553 2289 3,
578 2208 628 2289 15,
651 2208 703 2271 46.
729 2207 761 2289 4,
784 2207 815 2271 4
850 2207 899 2290 12,
921 2208 974 2273 49.
1005 2208 1054 2290 13,
1077 2208 1129 2274 81.
1162 2208 1212 2290 19,
1234 2208 1287 2273 51.
1310 2207 1364 2289 25,
1491 2209 1497 2242 ¹

249 2315 279 2397 6,
303 2314 354 2379 22.
382 2314 435 2398 21,
457 2319 487 2379 4.
518 2313 624 2393 29,1.
654 2312 691 2378 fr.
708 2315 758 2379 10.
787 2312 890 2396 frbss,
917 2316 944 2377 1.
989 2312 1115 2379 Pariter
1137 2312 1290 2379 usitatum
1313 2318 1365 2377 est

247 2418 454 2503 participium
484 2419 548 2485 vim
580 2418 809 2485 enuntiationis
834 2417 1066 2484 condicionalis
1102 2419 1241 2498 babens,
1273 2418 1363 2484 velut
1516 2496 1517 2511 ,

249 2528 269 2606 ,6,
292 2527 335 2593 36
359 2524 754 2613 εὑτοχηοάντων-ἤλπιίον,
779 2528 889 2609 28,15
913 2525 1256 2612 ἐλπίς-δοσωχήοαοιν.
1293 2525 1362 2592 Neo
1481 2559 1488 2584 ·.

248 2631 402 2698 minorem
423 2632 457 2696 in
470 2631 600 2696 modum
623 2631 807 2717 epitaphius
821 2631 985 2716 particeps
1010 2637 1060 2697 est
1082 2632 1243 2717 licentiae,
1266 2650 1364 2715 quam

248 2739 365 2824 Lysias
395 2739 430 2804 in
462 2739 672 2823 congruentia
703 2738 867 2824 participii
900 2738 962 2805 sibi
994 2739 1138 2823 sumpsit
1192 2737 1260 2805 Sed
1291 2758 1364 2803 curn

247 2846 405 2912 rationem
431 2846 618 2912 nominativi
646 2846 787 2913 absoluti
815 2849 836 2927 8
858 2849 901 2913 48
925 2846 1081 2933 exemplis
1110 2847 1208 2932 plane
1231 2846 1364 2931 paribus

249 2973 289 3019 ex
316 2952 417 3038 Lysia
444 2953 530 3039 ipso,
558 2952 621 3020 uisi
644 2952 727 3020 forte
753 2954 852 3038 12,1.
878 2955 928 3038 13,
944 2954 1000 3039 51,
1018 2955 1070 3021 85.
1094 2955 1146 3039 25,
1165 2956 1217 3021 31.
1240 2956 1291 3037 21,
1314 2956 1365 3020 11.

249 3061 302 3144 32,
315 3063 368 3145 23,
389 3061 527 3146 probare
549 3080 614 3125 non
628 3060 799 3145 possimus,
822 3060 1070 3144 qnoniamhaec
1092 3080 1145 3127 res
1168 3061 1215 3125 ita
1238 3065 1274 3125 ut
1293 3079 1365 3124 cum

248 3166 388 3233 maxime
417 3167 450 3231 in
477 3166 711 3233 dubitationem
737 3168 917 3253 vocatur,¹)
949 3166 1049 3233 liceat
1077 3167 1192 3234 saltem
1218 3166 1280 3233 boc
1301 3184 1365 3230 uno

249 3272 378 3357 quidem
403 3273 475 3341 loeo
504 3273 548 3340 ad
576 3294 678 3359 genus
705 3273 893 3341 historicum
925 3273 1024 3358 idque
1051 3274 1181 3358 quidem
1210 3272 1365 3358 grandius

250 3378 422 3464 confingere
459 3380 568 3464 ibique
605 3380 694 3447 illurn
731 3402 824 3447 usum
861 3380 1093 3449 demonstrare.
1151 3381 1258 3465 Atque
1294 3380 1366 3466 pari
1510 3381 1512 3391 ⁴

250 3485 427 3570 eademque
454 3488 580 3553 ratione
614 3486 678 3555 duo
711 3488 886 3574 participia
912 3488 1082 3573 particulis
1113 3491 1231 3575 μὲν-δὲ
1257 3488 1367 3553 iuncta
1516 3478 1517 3503 ¹

249 3593 283 3659 iu
305 3593 500 3661 nominativo
516 3594 664 3661 absolute
686 3596 795 3681 posita
819 3601 901 3679 sunt,
925 3596 1041 3679 quibus
1064 3596 1098 3661 in
1115 3593 1244 3661 modum
1267 3615 1367 3682 appo·
1505 3625 1510 3635 ·

145 3752 147 3755 .
250 3699 376 3767 sitionis
391 3720 438 3778 ea,
458 3721 542 3785 quae
555 3700 762 3787 praecedunt,
777 3702 985 3787 explicentur,
1000 3702 1100 3767 Tbuc.
1117 3702 1157 3786 ll,
1173 3701 1226 3787 53,
1248 3702 1302 3787 IV,
1315 3704 1367 3789 23,

252 3808 329 3891 106,
352 3807 388 3892 V,
414 3808 566 3894 10,1Π,
591 3812 641 3876 10.
686 3809 735 3877 Eo
758 3808 864 3893 magis
887 3829 928 3876 ex
951 3815 1079 3875 oratore
1102 3808 1175 3893 ipso
1200 3808 1368 3875 confirma·

249 3932 301 3997 tur
323 3920 421 3997 atque
447 3916 600 4000 probatur
628 3915 796 3983 absolutus
823 3916 1030 3983 accusativus
1057 3919 1078 3996 8
1102 3918 1145 3982 80
1172 3916 1219 3990 ὡς
1246 3916 1368 3989 ἀξίους
1505 3899 1514 3951 ³

248 4022 468 4099 Ιὄντας-ταῖς
482 4018 612 4096 αὐταῖς
625 4060 678 4103 -‚
703 4026 752 4109 14,
767 4025 811 4090 33
834 4024 880 4097 ὡς
900 4036 965 4089 τῶν
984 4020 1097 4089 αὐτῶν
1112 4022 1218 4096 ὄντας
1231 4022 1367 4102 ἀξίους,
1503 4095 1510 4107 ,

249 4128 399 4213 idemque
421 4133 442 4211 §
467 4133 508 4198 19
532 4136 564 4196 et
587 4133 639 4216 25,
665 4132 702 4198 11
734 4151 775 4197 ex
797 4129 959 4197 iunctione
980 4128 1110 4218 ἡγοῦμαι
1132 4136 1290 4217 προσήκειν
1313 4136 1367 4195 τινὶ
1503 4119 1513 4157 ²*

250 4242 363 4322 aptus,
387 4235 469 4317 (11.8
493 4238 523 4305 3.
550 4238 666 4322 14,16.
713 4238 813 4303 Porro
836 4236 975 4304 mutatio
1005 4236 1142 4304 subiecti
1171 4256 1250 4303 sane
1272 4237 1371 4321 paulo
1483 4225 1506 4381 Ι,

323 4466 345 4533 ¹>
363 4466 402 4523 uf.
421 4467 566 4523 manans
584 4468 603 4523 1
622 4468 640 4523 1.
661 4486 688 4538 p.
707 4471 742 4525 eo
760 4486 781 4523 r.
