3034 5067
668 416 710 481 31)

4 589 49 658 '³
132 616 284 696 νὲσιερα
320 610 416 677 factis
452 608 596 679 alterius.
659 611 772 695 Neque
808 611 912 677 minus
948 614 969 692 5
1005 612 1049 678 60
1083 614 1246 698 κείρασθαι

1 727 2 759 ³
44 725 48 737 '
132 718 322 784 attributum
343 730 381 805 eq
404 717 529 783 Ἑλλάδι
556 717 671 785 firltum
697 717 825 783 videtur
848 720 938 803 33‚7
967 724 1125 806 καιομένην
1149 744 1173 784 τ.
1199 715 1245 784 Ἑ.

1 884 2 888 ,
36 825 45 872 t
128 824 258 891 similis
285 824 425 891 fictionis
452 845 610 911 personae
640 825 854 909 dictionisque
881 828 902 906 5
932 829 948 891 1
977 824 997 912 ἡ
1026 829 1111 899 πόλις
1137 848 1246 910 προνο-

15 922 22 943 '¹
133 929 422 1019 οινμένη-ἡγωρὲνη
454 932 506 997 vel
537 933 702 1018 ipsissima
733 932 832 998 verba
864 932 1039 1016 probantur
1072 935 1123 1017 24,
1151 934 1194 998 22
1222 952 1247 997 1.

4 1037 46 1088 ἓν
134 1035 224 1115 Quid
250 1038 352 1104 vero?
383 1036 542 1124 hospites,
571 1040 625 1122 qui
653 1039 724 1105 sine
752 1037 859 1105 studio
888 1039 938 1104 sui
966 1037 1123 1105 commodi
1150 1037 1247 1104 Athe·

1 1156 13 1195 t·
35 1134 47 1196 ἕ
132 1144 301 1212 aiensibus
325 1145 478 1211 auxilium
501 1145 655 1232 tulerunt,
684 1150 703 1227 5
727 1149 770 1213 66
792 1144 1000 1231 perhibentur
1021 1148 1173 1231 πατρίδα
1195 1150 1248 1232 τὴν
1292 1199 1295 1203 .

0 1264 6 1295 ²·
39 1262 48 1304 1
134 1252 245 1338 ἀρετὴν
277 1250 512 1340 ἡγησάμενοι.
557 1253 601 1318 At
632 1256 728 1338 31,6
761 1252 848 1320 cives
880 1251 957 1317 mali
989 1259 1086 1336 atque
1118 1251 1249 1318 nimium

37 1348 47 1390 'i
133 1359 224 1424 lucro
253 1360 430 1426 servientes
459 1361 633 1427 eommunis
663 1360 711 1427 rei
742 1358 893 1445 publicae
926 1360 1041 1426 salutis
1068 1359 1249 1445 proditores

40 1472 48 1520 f.
133 1464 318 1532 iudicantur
354 1466 431 1532 dicti
467 1487 530 1533 101
567 1467 742 1551 civitatem,
780 1467 839 1533 sed
871 1472 923 1552 rip
958 1464 1060 1534 οόσίαν
1097 1468 1250 1555 πατρίδα

0 1590 4 1623 ¹
33 1566 48 1598 ³·
134 1570 317 1659 ἡγεῖσθαι.
363 1573 511 1657 Denique
534 1594 597 1639 non
619 1574 724 1657 magis
747 1574 845 1658 vulgo
868 1574 991 1640 usitata
1013 1593 1110 1657 quarn
1129 1572 1250 1658 Lysiae

1 1728 2 1731 ,
47 1722 48 1725 ι
136 1678 269 1762 quidem
291 1680 423 1765 propria
454 1680 582 1747 videtur
610 1700 683 1748 esse
706 1680 944 1747 circumlocutio
971 1683 1100 1768 ἔστησαν
1121 1687 1250 1765 τρόπαια

29 1784 48 1848 ,1,
139 1787 213 1871 (τῶν
236 1787 403 1874 πολεμίων)
426 1791 446 1868 5
470 1790 521 1855 25.
545 1792 564 1870 5
588 1790 640 1855 53.
663 1792 684 1870 5
707 1791 758 1856 63.
786 1791 834 1873 18,
858 1791 887 1854 3.
910 1790 962 1872 34,
989 1790 1036 1871 10,
1063 1788 1141 1855 item
1162 1787 1251 1852 varie

41 1922 48 1950 ι
135 1892 330 1958 translatum
353 1914 468 1960 nomen
492 1901 524 1962 et
546 1895 665 1961 locutio
689 1894 775 1960 ἆθλα
800 1897 903 1978 λαβεῖν
926 1895 1017 1976 510.
1040 1897 1060 1975 5
1080 1897 1131 1961 35.
1157 1898 1184 1978 1,
1199 1896 1251 1960 47.

1 1997 46 2081 adp
136 2003 257 2085 29,11.
285 2004 336 2086 31,
351 2005 410 2085 32,
442 2002 481 2068 cf.
510 2004 596 2083 §65
629 2006 728 2088 ἔργοις
751 2003 973 2089 ἀπελογήσαντο
1006 2003 1188 2085 111122,3
1220 2005 1252 2066 et

17 2114 20 2129 '
43 2146 47 2162 ι
139 2109 191 2191 14,
208 2109 258 2173 29.
305 2106 400 2184 Quod
423 2128 494 2175 cum
517 2110 549 2175 in
573 2109 739 2195 epitaphio
763 2108 908 2175 floridior
931 2107 1039 2192 dictio,
1062 2109 1252 2191 ubicumque

41 2232 47 2273 ,ι
138 2232 179 2278 ea
203 2211 374 2281 distinctus
398 2222 456 2299 est,
480 2236 501 2280 a
524 2222 629 2282 cetero
650 2236 768 2300 genere
792 2222 878 2282 certe
901 2236 965 2280 non
981 2214 1113 2280 nimium
1136 2213 1251 2299 differt,

137 2326 205 2384 tum
228 2341 305 2386 vero
328 2324 502 2390 communis
526 2323 595 2390 eius
618 2324 775 2391 sermonis
802 2342 880 2389 usus
909 2342 1085 2406 sanequam
1114 2320 1252 2387 admira·

8 2440 11 2453 ·
34 2451 47 2497 e
136 2426 247 2492 hiliter
261 2448 331 2494 oum
341 2428 397 2496 1110
413 2430 566 2514 congruit.
582 2430 648 2497 Sed
658 2430 808 2514 quoniam
821 2429 1049 2516 progrediente
1060 2428 1249 2513 quaestione

7 2540 47 2601 ct
137 2532 222 2599 haec
247 2535 450 2620 potissinmm
476 2557 529 2604 res
557 2537 637 2604 satis
666 2557 826 2623 superque
855 2537 969 2621 eluxit,
1000 2536 1155 2603 hocloco
1178 2556 1248 2622 per-

6 2670 47 2713 c·
137 2660 245 2725 pauca
267 2648 391 2708 tantum
405 2644 566 2727 quaedam
585 2644 755 2731 addantur,
780 2645 868 2712 velut
882 2649 902 2727 5
915 2648 968 2712 41.
992 2646 1043 2729 28,
1058 2647 1078 2711 9
1102 2643 1250 2715 ἐπέδειξαν

21 2752 26 2782 ⁸
138 2759 228 2815 πᾶσιν
259 2750 430 2836 ἀνθρώποις
462 2751 520 2829 deq
551 2751 626 2818 huic
658 2752 780 2819 similes
812 2752 970 2818 dictiones
1002 2754 1125 2836 29,13.
1160 2751 1250 2835 18,4

17 2861 45 2945 ,t
138 2852 211 2940 (12,
230 2854 287 2943 56)
316 2858 410 2941 quasi
436 2859 469 2923 in
497 2878 592 2924 unam
622 2859 811 2925 coniunctae
839 2865 912 2925 sunt
939 2863 960 2939 5
986 2862 1043 2943 61,
1076 2858 1159 2924 11011
1185 2876 1249 2921 una

4 2972 7 2984 ⁴
139 2964 197 3047 34,
220 2965 241 3029 5
269 2966 379 3052 ἔρημον
406 2972 570 3053 συμμάχων
599 2970 700 3050 λαβεῖν
727 2964 884 3031 dissoluta
916 2970 966 3031 est
992 2964 1026 3029 in
1053 2963 1135 3031 duas
1162 2967 1183 3045 5
1206 2966 1247 3030 21

29 3075 31 3086 “
138 3068 163 3134 ἐ.
190 3092 216 3133 ο.
241 3078 274 3137 et
296 3074 371 3152 531
398 3072 422 3138 ἐ.
447 3077 490 3150 λ.;
515 3076 580 3154 51.
607 3076 655 3157 12,
672 3076 721 3139 11.
747 3075 855 3157 19,12
878 3072 990 3138 ἐδέοντο
1014 3069 1110 3138 αιἰιῶν
1133 3075 1248 3148 dodum

24 3189 44 3245 i.
138 3179 159 3256 5
175 3178 227 3241 23.
244 3180 295 3263 28,
312 3181 351 3243 16
375 3192 429 3266 τῆς
443 3185 591 3267 σωτηρίας
604 3185 691 3267 χάριν
704 3178 822 3256 siderum
847 3183 867 3261 5
882 3182 933 3245 62.
949 3181 979 3264 3,
994 3182 1015 3245 9
1037 3177 1250 3266 αἰσχυνόμενος

138 3294 177 3369 τῇ
202 3298 352 3373 ωμφορᾷ;
381 3289 401 3367 5
425 3287 476 3352 52.
503 3288 533 3371 3,
556 3288 598 3353 38
622 3286 1003 3375 ἀπαντήσας-ἐμαχόμηη
1031 3290 1052 3366 5
1078 3288 1127 3352 14.
1154 3286 1205 3370 34,
1228 3287 1249 3352 6

138 3398 327 3477 μαχομένους
349 3391 547 3480 ἀποθνήσκειν
571 3398 629 3460 111.

207 3496 463 3567 Anacoluthis
491 3499 629 3583 aliisque
656 3499 908 3586 proprietatibus
937 3500 1155 3584 grammaticis
1184 3498 1249 3584 epi·

15 3635 18 3648 ·
139 3604 279 3691 taphius,
303 3612 415 3691 utpote
439 3608 493 3691 qui
517 3608 677 3693 epoetica
692 3607 833 3691 quadam
856 3608 996 3674 elatione
1010 3614 1107 3691 atque
1129 3608 1250 3691 impetu

140 3713 346 3798 emanaverit,
369 3712 618 3798 haudquaquam
633 3722 729 3781 caret.
776 3713 916 3791 Quarum
931 3714 1091 3798 quaedam
1103 3714 1250 3797 quamvis

30 3846 40 3907 ¹,
141 3818 305 3886 offendere
318 3819 497 3905 videantur,
520 3828 627 3887 tamen
649 3822 733 3887 huno
757 3822 790 3886 11
804 3821 933 3887 modum
955 3822 1084 3907 probari
1107 3828 1250 3906 possunt,

4 3965 9 3984 .
32 3953 39 3968 ·
140 3931 177 3990 ut
191 3946 295 4009 paene
314 3948 372 4012 pro
387 3925 469 3995 forte
483 3927 610 3994 fortuna
625 3928 808 3995 habendum
831 3928 881 4014 sit,
905 3928 991 4011 quod
1005 3928 1085 3993 talia
1103 3928 1251 4013 exempla

140 4032 174 4097 iu
199 4033 327 4119 ceteris,
356 4054 439 4117 quae
463 4042 604 4120 exstant,
631 4036 750 4120 Lysiae
778 4035 976 4101 orationihus
1004 4035 1130 4100 omnino
1158 4054 1251 4119 prae·

6 4168 36 4235 ,2
141 4144 231 4205 terea
263 4140 475 4208 inveniuntur.
530 4141 596 4207 Sed
628 4142 756 4209 etiamsi
787 4141 823 4207 id
853 4163 917 4208 non
948 4143 1045 4227 plane
1076 4142 1124 4206 ita
1155 4148 1251 4226 esset,

5 4236 38 4363 ,'„
142 4246 220 4329 quid
242 4246 305 4312 hae
327 4267 379 4315 res
396 4247 581 4314 auctoritati
604 4249 761 4335 epitaphii
777 4250 962 4316 obstarent?
1006 4250 1120 4318 Nonne
1142 4249 1251 4335 potius

142 4353 318 4437 putandum
359 4362 409 4421 est
449 4357 592 4439 quemvis
633 4356 835 4441 potissimum
874 4356 1033 4423 rhetorem
1069 4356 1251 4442 asperiores

144 4459 336 4529 offensiones
372 4463 601 4547 grammaticas
636 4465 732 4530 anxie
768 4470 935 4531 cauturum
970 4463 1093 4531 firisse?
1144 4462 1252 4541 Quare

1064 4570 1096 4627 3*
