3034 5067
286 651 395 736 Ipsum
429 651 622 717 contrarium
656 672 779 730 corum,
808 671 891 735 quoe
919 650 1130 737 praecedunt,
1156 651 1208 717 his
1235 651 1403 718 antithetis

289 758 489 843 exprimitur:
537 761 623 838 §56
647 756 756 824 οὐκέτι
783 770 850 823 τῶν
882 758 1081 843 ἀλλοτρίων
1110 759 1299 845 ἐπεδυρει,
1332 756 1401 824 ἀλλ’

288 864 383 930 ἐδίδου
415 876 473 931 τῶν
504 864 624 939 ἑαυτοῦ,
649 868 699 949 25,
735 869 866 953 17-ρέν
897 870 943 952 μὴ
977 866 1166 952 ἐπιθυμεῖν
1191 878 1259 931 τῶν
1297 866 1402 931 ἀλλο-

287 974 474 1057 sptem-dt
487 976 524 1037 τὰ
541 971 612 1038 ὄντα
626 974 791 1059 προθίιρυις
804 972 980 1044 ἀναλίσκειν.
1003 972 1047 1036 At
1061 971 1215 1038 Isocratis
1237 973 1270 1038 in
1293 972 1355 1037 hue
1368 992 1403 1037 re
1507 1039 1508 1048 ,

292 1078 391 1145 hebet
413 1078 600 1164 plerumque
622 1091 684 1151 τοῖς
713 1078 781 1144 ἀλλ.
804 1080 1062 1162 ἐπιβουλευειν,
1085 1078 1174 1145 velut
1200 1080 1249 1164 15,
1262 1082 1315 1164 24,
1332 1083 1404 1163 198,
1507 1075 1508 1078 ’

289 1187 363 1251 230.
409 1187 536 1271 21,15.
585 1189 635 1271 18,
658 1188 710 1252 63.
754 1186 803 1250 Ac
819 1206 914 1269 quarn
930 1185 1113 1268 frequenter
1136 1192 1169 1251 et
1191 1187 1280 1252 vsrie
1296 1192 1404 1251 orator

288 1292 350 1358 hec
372 1292 424 1358 vel
447 1291 520 1377 plus
543 1292 648 1358 minus
677 1292 775 1359 simili
807 1292 937 1359 dicendi
967 1293 1094 1358 ratione
1121 1298 1293 1379 praetereo
1324 1313 1403 1359 usus
1507 1317 1508 1328 ¹

291 1398 344 1483 sit,
366 1398 471 1465 elucet
494 1420 534 1465 ex
556 1399 638 1466 locis
660 1398 726 1466 his:
755 1402 804 1479 18,
822 1404 871 1467 17.
903 1402 951 1484 19,
974 1402 1026 1465 33.
1055 1403 1173 1484 21,11,
1199 1401 1249 1468 15.
1286 1402 1404 1484 24,19.

289 1506 416 1590 25,18.
462 1508 589 1591 27,10.
635 1508 686 1591 30,
715 1508 767 1573 26.
813 1507 866 1572 Er.
893 1508 989 1573 234υ.
1033 1504 1084 1571 Ad
1117 1513 1293 1572 extremum
1322 1505 1404 1572 haec

289 1612 505 1678 consideratio
528 1612 705 1680 cumuletur
727 1613 788 1677 hoc
811 1611 977 1697 cogitandi
1004 1612 1255 1679 necessitudinis
1282 1612 1403 1696 insigni

290 1720 451 1805 exemplo:
476 1722 552 1799 §21
569 1717 635 1785 edu
650 1718 771 1800 ἀγαπῶν
794 1732 871 1792 τοῖς
896 1717 1117 1806 ὑπάρχουσιν
1141 1719 1309 1800 ἀγαθοῖς,
1333 1720 1402 1785 ἀλλ’

290 1825 414 1900 ἐλπίζων
445 1831 498 1893 καὶ
528 1831 582 1913 τὴν
613 1824 758 1913 Εὖρόντιγν
790 1829 1055 1912 δουλώσεσθαι,
1087 1829 1138 1911 34,
1168 1828 1188 1892 8
1221 1831 1341 1898 τοδτως
1369 1823 1404 1891 σι’)

289 1935 625 1998 καταδουλώσεσθαὶ
639 1956 671 2015 γε
687 1968 703 1981 -
720 1945 800 2018 σφᾶς
813 1931 921 2005 αὐτοὺς
933 1946 997 1998 τῶν
1011 1929 1242 2019 ὑπαρχόντων
1254 1931 1404 2019 ἀγαδξῖυν

292 2039 499 2127 ἀποστερήσω.

357 2146 391 2212 Si
413 2167 497 2212 nunc
519 2147 711 2232 quaerimus,
734 2147 850 2230 quibus
873 2148 1012 2229 menime
1039 2147 1149 2215 causis
1172 2152 1205 2212 et
1226 2146 1404 2213 rationibus

291 2252 379 2338 apud
419 2254 552 2339 Lysiam
597 2254 742 2321 homines
779 2254 823 2319 od
859 2254 1021 2338 egendum
1060 2254 1266 2339 impellentur
1306 2260 1405 2337 etque

292 2359 457 2446 ducantur,
481 2362 597 2444 quibus
619 2362 716 2428 rebus
740 2360 829 2427 facts
852 2381 913 2428 suo
936 2368 1090 2428 excusent
1112 2368 1170 2428 eut
1190 2368 1342 2446 purgent,
1370 2361 1405 2425 in

292 2467 481 2534 diversitate
504 2468 632 2552 generis
656 2467 784 2535 dicendi
814 2467 930 2535 eedem
952 2474 1113 2535 momente
1139 2469 1340 2554 reperiuntur
1370 2468 1405 2532 in

292 2573 456 2659 epitaphio
479 2581 577 2658 atque
599 2575 632 2640 in
656 2575 774 2641 ceteris
788 2576 996 2642 orationibus.
1043 2576 1148 2659 Atque
1162 2595 1234 2641 cum
1247 2574 1404 2659 impulsus

291 2680 532 2748 fundamentum
555 2682 696 2748 cuiusvis
711 2682 850 2749 actionis
873 2682 924 2768 sit,
948 2689 1024 2748 ante
1047 2682 1155 2749 omniu
1170 2681 1276 2767 refert,
1298 2688 1404 2746 utrum

291 2788 363 2871 quis
387 2789 585 2855 extrinsecus
607 2788 804 2856 necessitate
827 2796 972 2874 coactus,
1000 2810 1043 2854 en
1067 2809 1127 2856 sua
1150 2795 1265 2873 sponte
1294 2795 1327 2853 et
1348 2807 1402 2853 vo-

290 2897 414 2963 luntate
436 2902 524 2981 agot.
568 2896 747 2964 inhaere
771 2897 815 2963 sd
837 2918 874 2965 se
896 2898 1041 2983 proxime
1069 2897 1227 2964 accedunt
1255 2900 1275 2976 ξ
1299 2898 1340 2961 61
1370 2903 1405 2961 et

294 3006 343 3088 12,
367 3006 419 3089 70,
442 3003 481 3069 cf.
507 3007 556 3089 13,
583 3008 631 3071 19.
673 3008 721 3091 18,
745 3008 775 3071 2.
819 3006 872 3073 Er.
896 3008 994 3071 231α
1037 3003 1132 3083 Quod
1154 3011 1263 3070 sutem
1285 3002 1404 3069 adres

290 3111 381 3195 ipsas
413 3111 547 3190 attinet,
580 3131 644 3177 non
674 3119 741 3178 tem
773 3113 887 3177 mirum
918 3132 992 3180 esse
1022 3112 1132 3197 debet,
1165 3111 1251 3195 quod
1282 3110 1405 3196 pariter

292 3215 380 3283 facta
403 3238 498 3301 quam
521 3218 607 3301 quod
631 3219 780 3285 similiter
797 3218 885 3285 dicte
903 3219 1073 3304 utrubique
1088 3220 1276 3304 invenimus,
1298 3218 1403 3285 velut:

292 3328 379 3404 §14
405 3323 458 3391 .οο
488 3333 669 3412 προτέρας
700 3326 840 3414 ἔχθρας
869 3324 1109 3415 δπαρχοδσης
1148 3325 1219 3393 etos
1254 3328 1405 3411 κέρδους

291 3438 481 3519 προκειμένου
504 3435 594 3520 πλὴν
625 3433 715 3521 δόξης
742 3434 878 3522 ἀγαθῆς,
910 3437 940 3519 1,
969 3438 989 3499 4
1018 3432 1094 3500 οὔτε
1121 3430 1405 3522 ἔχθρα-ἠνοδτε

291 3539 386 3605 ἄλλου
409 3542 564 3625 κέρδους
592 3537 708 3614 οἰιδενδς
734 3543 825 3627 πλὴν
851 3547 1082 3629 τῆς-τιμωρίας,
1110 3539 1150 3607 cf.
1171 3544 1200 3626 7,
1226 3543 1277 3607 20.
1305 3542 1358 3619 24,
1374 3542 1404 3605 2.
1504 3557 1505 3562 ’

291 3644 436 3711 Accedat
474 3649 531 3725 18,
569 3648 590 3713 5
637 3645 700 3713 edu
736 3646 1105 3736 ἀπελαυνόμενος-οὔδ’
1144 3646 1222 3721 ἰδίας
1262 3649 1404 3733 ἔχθρας

291 3751 532 3841 δπαρχοδσης.
580 3754 656 3820 (ium
680 3754 742 3820 hoc
763 3776 875 3823 rursus
896 3755 1032 3842 perinde
1054 3762 1151 3839 etque
1173 3755 1257 3819 inter
1279 3773 1314 3820 se
1337 3760 1405 3819 tum

292 3879 327 3925 re
351 3880 446 3943 quam
470 3867 629 3927 structura
652 3862 788 3928 conferri
810 3869 947 3947 possunt
969 3862 1149 3929 sententiae
1180 3864 1236 3942 §8
1259 3858 1406 3947 οἰιδεριᾶς

292 3969 471 4056 διαφορᾶς
501 3975 678 4054 πρότερον
700 3966 933 4057 δπαρχοδσης
956 3967 1037 4034 etos
1052 3974 1279 4056 -χαριζόγιενοι,
1315 3970 1363 4052 14,
1383 3968 1404 4033 2

291 4079 343 4139 καὶ
366 4081 536 4160 πρότερον
558 4080 633 4161 πρὸς
653 4077 723 4148 τοὺς
735 4083 868 4162 πατέρας
885 4074 953 4164 ἡμῖν
971 4078 1147 4164 διαφορᾶς
1168 4073 1406 4162 ι’)παρχοδσης
1503 4091 1504 4108 ’

292 4186 344 4247 καὶ
360 4216 376 4228 -
393 4191 496 4247 τοῦτον
540 4180 656 4269 έχδρδν
689 4180 863 4270 ἡγοὺρενος
892 4189 944 4249 καὶ
959 4219 975 4231 -
998 4181 1051 4247 ὑπ’
1085 4181 1176 4249 αὐτοῦ
1215 4186 1406 4252 πεπονθὼς

291 4297 404 4365 κακῶς,
438 4287 477 4353 ef.
512 4291 541 4373 9,
576 4289 625 4354 15.
659 4291 709 4374 13,
745 4294 772 4355 l.
825 4289 867 4355 Is.
903 4294 953 4375 19,
984 4292 1028 4356 32
1058 4292 1137 4380 διαρ.
1173 4288 1292 4377 οὔσης.
1342 4287 1406 4353 llta

293 4400 399 4459 autem
423 4395 569 4479 proxima
594 4394 754 4461 sententis
768 4396 884 4462 iterum
898 4397 992 4480 quasi
1006 4398 1038 4461 in
1058 4398 1226 4481 sequentia
1238 4395 1406 4481 prominet,
1503 4455 1504 4460 ,

293 4520 364 4566 cum
386 4501 532 4567 nimirum
545 4502 579 4566 in
593 4501 777 4569 iudicandis
794 4503 905 4571 liberis
927 4503 1061 4570 multum
1082 4504 1211 4589 referat,
1234 4510 1266 4568 et
1289 4502 1405 4586 quales
