3034 5067
819 400 860 465 12

283 590 327 657 tt
348 597 384 657 ut
406 590 561 657 imitando
584 612 739 676 perquam
761 614 913 678 magnum
935 592 1020 660 effici
1048 613 1147 678 posse
1174 599 1274 676 atque
1300 593 1394 659 effec-
1509 557 1510 604 ἶ

284 705 349 764 tum
372 718 446 765 csse
468 697 581 782 negari
603 700 727 784 nequit,
758 700 806 765 ita
837 701 871 766 in
893 699 956 766 hac
984 699 1113 784 quidem
1145 699 1291 766 oratione
1318 700 1395 765 talis

284 806 392 891 opinio
414 826 546 891 prorsus
570 805 773 873 excludenda
796 814 854 873 est
899 807 984 875 Nam
1007 828 1063 873 our
1078 806 1210 875 tandem
1225 808 1395 892 quisquam
1509 807 1510 832 ¹

283 913 316 977 in
347 913 492 979 oratione
523 912 778 979 demonstrativa
809 920 907 998 atque
940 914 1067 980 funebri
1109 932 1212 997 genus
1242 913 1396 979 iudiciale
1509 915 1511 1002 ξ

283 1018 482 1086 imitaretur?
528 1021 610 1087 Tum
632 1039 708 1087 vero
730 1021 815 1088 inter
842 1020 1042 1107 epitaphium
1065 1027 1098 1087 et
1126 1027 1252 1088 ceteras
1274 1021 1396 1105 Lysiae

284 1127 446 1193 orationes
468 1146 532 1193 non
554 1133 621 1192 tam
645 1127 795 1212 speciosa
818 1135 851 1194 et
874 1134 1008 1193 externa
1034 1126 1206 1194 intercedit
1227 1128 1396 1193 verborum

284 1232 458 1299 similitudo
482 1254 579 1317 quam
606 1233 739 1300 interior
768 1233 929 1318 quaedam
960 1234 1082 1319 ingenii
1114 1234 1266 1317 cognatio
1285 1240 1396 1319 atque

282 1338 496 1407 necessitudo.
532 1338 624 1416 Quae
647 1346 739 1407 tanta
761 1346 820 1426 est,
842 1348 879 1407 ut
900 1360 964 1407 non
984 1342 1087 1407 solum
1104 1340 1139 1407 in
1156 1341 1307 1407 universo
1321 1361 1393 1407 sen

283 1446 455 1513 tentiarum
477 1466 596 1531 genere
620 1453 652 1513 et
675 1448 790 1533 colore,
814 1447 874 1514 sed
898 1448 997 1513 etiam
1019 1447 1053 1513 in
1076 1447 1215 1531 singulis
1229 1446 1395 1531 cogitandi

284 1552 475 1636 dicendique
498 1553 666 1621 elementis
689 1561 884 1640 compareat.
929 1554 1013 1622 Nam
1036 1554 1159 1620 utiam
1181 1554 1268 1619 viam
1291 1554 1396 1639 ipsam

283 1660 433 1743 filumque
464 1660 553 1727 illius
587 1660 722 1729 rationis
758 1668 889 1728 nostrae
921 1660 1134 1727 illustrandae
1169 1680 1396 1747 proponamus,

284 1767 378 1851 quasi
400 1766 541 1833 universi
564 1767 685 1853 Lysiae
707 1767 836 1852 generis
864 1767 994 1833 dicendi
1027 1767 1201 1851 imaginem
1233 1765 1396 1850 quandam

283 1872 455 1958 designare
478 1894 517 1940 ac
540 1874 715 1960 depingere
738 1874 882 1959 velimus,
905 1894 927 1939 a
948 1874 1101 1942 Lebeauo
1125 1874 1206 1941 satis
1229 1874 1331 1941 libere
1354 1894 1397 1940 cr

283 1980 419 2047 materia
433 1982 579 2066 omnium,
603 2001 687 2064 quae
700 1981 799 2065 vulgo
824 1980 985 2065 genuinae
1005 1980 1172 2066 hahentur,
1195 1981 1265 2047 eius
1279 1980 1396 2047 oratio

283 2108 357 2153 num
380 2125 422 2135 —
446 2087 667 2155 excludendae
690 2088 790 2172 igitur
813 2094 901 2173 sunt,
925 2087 967 2153 de
990 2108 1124 2171 quarum
1147 2088 1258 2173 spuria
1286 2086 1396 2153 indole

283 2194 316 2259 in
338 2194 454 2279 vulgus
477 2194 575 2261 terme
598 2215 656 2280 pro
680 2200 768 2261 certo
792 2200 866 2279 stat,
890 2194 1053 2261 orationes
1077 2195 1130 2280 VI,
1145 2194 1230 2279 VIII,
1252 2194 1309 2279 XI,
1330 2194 1396 2259 XX

284 2337 324 2349 --
350 2301 378 2368 si
401 2301 463 2367 hac
486 2300 695 2368 similitudine
719 2322 791 2368 cum
813 2302 939 2367 ratione
961 2301 1080 2367 utimur
1102 2307 1200 2384 etque
1222 2302 1320 2367 verbo
1348 2300 1395 2366 in-

284 2407 373 2474 vidia
395 2408 496 2493 abest,
519 2409 612 2492 quasi
635 2407 799 2491 quoddam
822 2408 1010 2493 opusculum
1032 2408 1235 2475 tessellatum
1257 2407 1397 2474 condere
1509 2417 1511 2442 *

285 2515 468 2582 conabimur
487 2514 744 2582 demonstrantes
763 2515 892 2598 singula
914 2515 1074 2581 elementa
1092 2535 1197 2582 rerum
1221 2516 1395 2583 sententia·

284 2641 416 2704 rumque
448 2620 604 2707 epitaphii
636 2627 800 2705 tamquam
831 2621 1010 2688 tesserulas
1046 2620 1205 2705 quasdam
1241 2622 1276 2687 in
1310 2622 1396 2688 hanc

285 2728 426 2815 effigiem
449 2735 525 2814 apte
548 2729 647 2795 inseri
668 2748 767 2814 posse
789 2735 920 2813 tamque
934 2728 968 2794 in
989 2728 1095 2795 lineas
1111 2748 1208 2812 quam
1221 2728 1254 2793 in
1268 2728 1395 2795 colores
1509 2751 1510 2780 ι

287 2836 356 2903 eius
380 2835 510 2919 egregie
534 2834 702 2919 quadrare.
748 2833 819 2913 Quo
842 2842 952 2902 autem
973 2834 1157 2901 accuratius
1179 2834 1300 2919 Lysiae
1322 2854 1394 2919 pro·

284 2944 387 3029 priam
418 2949 566 3008 naturam
598 2963 746 3010 eruamus
779 2949 876 3026 atque
908 2943 1001 3026 quasi
1037 2940 1224 3009 circuitione
1255 2941 1396 3025 quadam
1509 2983 1510 3018 r

285 3050 591 3135 circumscribamus,
614 3050 712 3116 etiam
735 3050 820 3115 alios
843 3049 1017 3135 scriptores
1039 3048 1258 3134 imprimisque
1271 3048 1395 3115 Isocra·

285 3164 350 3223 tem
382 3154 517 3223 subinde
548 3176 682 3223 necesse
714 3156 776 3222 erit
807 3156 983 3241 respIcere,
1014 3155 1135 3240 quippe
1168 3154 1223 3237 qui
1251 3154 1396 3221 eiusdem

285 3262 403 3330 aetatis
426 3269 534 3329 orator
556 3268 588 3329 et
610 3264 706 3329 rebus
730 3268 763 3328 et
785 3263 893 3328 verbis
915 3261 959 3327 ad
986 3261 1071 3327 hunc
1097 3267 1241 3327 nostrum
1267 3261 1300 3325 in
1328 3260 1394 3346 epi·
1509 3315 1510 3334 ι

285 3370 396 3457 taphio
420 3370 548 3455 quidem
571 3376 658 3437 certe
680 3370 825 3455 proxime
843 3368 987 3435 accedat
1024 3368 1152 3434 Etenim
1169 3368 1221 3434 vel
1244 3366 1303 3433 illa
1320 3368 1394 3453 ipsa

285 3477 460 3563 peculiaris
483 3478 644 3562 quaestio,
671 3483 777 3542 utrum
804 3475 989 3562 epitaphius
1018 3475 1124 3559 magis
1154 3474 1394 3560 compilatorem
1509 3567 1510 3580 ἵ

284 3584 438 3651 Isocratis
460 3582 614 3669 redoleat,
637 3604 680 3650 an
701 3584 811 3669 potius
834 3580 1040 3649 verisimilius
1064 3582 1106 3647 sit
1128 3581 1213 3647 huno
1234 3586 1395 3646 oratorem

285 3690 483 3777 epitaphium
506 3691 716 3777 excerpsisse,
739 3690 802 3756 nisi
824 3688 883 3756 tali
906 3688 1111 3774 generaliore
1133 3707 1205 3753 cum
1230 3687 1288 3752 illo
1311 3705 1395 3753 com-
1509 3693 1510 3754 l

285 3798 455 3885 paratione
477 3805 563 3865 certo
588 3797 759 3863 diiudicari
781 3818 846 3863 non
867 3801 983 3882 potest.

353 3906 391 3969 In
412 3904 637 3971 inventione
661 3903 826 3990 epitaphii,
849 3903 878 3969 si
899 3902 962 3968 hac
983 3900 1114 3969 notione
1128 3899 1228 3967 ctiam
1240 3901 1395 3968 minutam
1509 3965 1510 3984 ,

286 4032 390 4079 rerum
426 4032 466 4079 ac
508 4011 740 4078 sententiarum
783 4009 898 4076 silvam
933 4006 1205 4093 comprehendere
1240 4007 1394 4093 volumus,
1509 4043 1510 4072 r

286 4120 393 4203 imago
407 4118 528 4203 Lysiae
551 4124 586 4186 ut
608 4118 642 4183 in
656 4117 787 4203 speculo
801 4115 941 4183 fideliter
954 4116 1102 4182 cernitur.
1147 4116 1230 4183 Nam
1243 4115 1272 4182 si
1285 4134 1395 4181 verum
1509 4195 1510 4200 ἵ

287 4232 350 4311 est,
374 4225 460 4310 quod
483 4224 612 4309 quidem
644 4224 785 4291 dubitari
806 4223 930 4309 nequit,
957 4243 1021 4307 qua
1048 4222 1184 4306 quisquc
1211 4222 1254 4289 sit
1279 4227 1396 4289 natura
1509 4209 1510 4292 ἕ

287 4340 320 4401 et
341 4331 462 4417 indole,
485 4352 558 4398 eam
580 4351 652 4398 eum
674 4331 708 4396 in
731 4331 861 4416 scriptis
889 4330 957 4399 suis
986 4329 1152 4397 declarare
1179 4349 1220 4395 ac
1250 4350 1330 4415 prae
1357 4348 1394 4396 se

289 4438 380 4525 serre,
401 4438 520 4525 Lysias
533 4438 567 4504 in
590 4438 789 4507 orationihus
812 4438 880 4506 suis
902 4437 1153 4505 illustrIssimum
1165 4436 1276 4521 posuit
1295 4434 1394 4502 animi
1509 4511 1510 4532 χ
