3034 5067
325 289 791 327 '⁸⁶⁴0ss000000u‘*

317 314 436 345 ''U‘'
484 315 545 345 Ἠ
584 333 615 353 e·
661 334 722 355 neu
787 322 797 341 ‘

311 345 436 385 ἥσθη..
454 341 512 391 ..η’
568 352 615 387 0..
661 371 669 385 ⁸
690 363 698 381 9
722 367 730 382 ·
788 360 797 379 ς

362 394 371 409 ο
427 382 546 412 010⁰·
606 380 831 451 000.⁹q⁴·02

266 571 464 645 exstiterunt
499 579 547 644 Ac
569 580 666 664 longe
690 581 945 649 studiosissimus
959 581 1079 667 Lysiae
1102 581 1253 651 defensor
1275 586 1379 652 factus

266 693 316 753 est
338 684 507 751 Lebeauus
538 685 621 752 libro
654 707 712 753 suo
747 692 831 756 1863
856 689 1079 773 Stuttgardiae
1112 690 1214 756 edito:
1252 693 1379 777 ,Lysias

265 791 458 877 Epitaphius
485 792 534 857 als
563 791 637 859 echt
665 795 870 876 erwiesen‘.¹)
916 793 979 869 Qui
1003 795 1131 879 quidem
1152 798 1202 862 vir
1225 799 1378 883 opusculo

267 918 339 983 suo,
370 898 404 963 in
426 918 488 982 quo
513 905 652 964 ceterum
679 921 710 985 p.
733 904 871 987 4-10,
904 922 1122 986 quaecumque
1150 904 1191 970 de
1214 905 1379 990 epitaphio

266 1005 434 1089 usquead
457 1006 526 1071 eius
554 1014 680 1091 tempus
703 1008 888 1074 testimonia
917 1017 1008 1074 erant
1037 1008 1125 1076 dicta
1147 1011 1199 1077 vel
1223 1032 1379 1078 commen·

224 1190 227 1201 Ι
266 1112 341 1177 tarii
369 1112 495 1198 scripti,
528 1112 700 1197 diligenter
736 1115 929 1201 composuit,
962 1123 1051 1182 tanto
1085 1138 1157 1182 cum
1184 1118 1291 1185 studio
1318 1119 1380 1184 hoc

266 1219 480 1305 patrocinium
495 1222 636 1306 suscepit
650 1227 805 1306 tantaque
819 1231 1008 1308 persecutus
1032 1229 1082 1289 est
1096 1224 1267 1308 diligentia
1282 1234 1379 1309 atque

266 1327 421 1413 doctrina,
444 1334 479 1393 ut
502 1346 612 1394 omnes
635 1328 853 1396 dubitationes
870 1330 1040 1397 sustulisse
1063 1332 1379 1415 controversiamque

267 1434 301 1499 in
310 1454 402 1501 omne
413 1440 538 1519 tempus
549 1434 717 1501 diremisse
726 1434 897 1502 videretur.
915 1436 959 1501 Aa
966 1436 1172 1505 nihilominus
1182 1438 1345 1524 Sauppius
1351 1438 1378 1527 ²)

268 1546 301 1607 et
326 1540 474 1608 Blassius
484 1538 509 1628 ³)
543 1542 742 1627 epitaphium
774 1542 1077 1629 condemnaverunt,
1110 1563 1281 1629 eorumque
1309 1565 1379 1613 sen-

267 1647 402 1713 tentiam
425 1647 526 1715 secuti
544 1646 739 1736 Eokertus4)
764 1656 797 1716 et
813 1650 983 1717 Richterus
993 1650 1018 1737 ⁵)
1042 1658 1077 1716 ut
1101 1652 1243 1737 spurium
1266 1659 1379 1718 contra

267 1754 453 1821 Lebeauum
466 1754 647 1821 accuratius
662 1754 882 1823 demonstrare
905 1757 1013 1823 conati
1036 1765 1110 1823 sunt
1123 1764 1250 1825 veteres
1275 1760 1378 1843 suspi-

269 1861 378 1927 ciones
408 1860 501 1928 novis
533 1862 730 1945 argumentis
759 1863 997 1949 confirmantes,
1029 1884 1131 1930 novas
1162 1865 1380 1933 dubitationes

269 1967 477 2034 cumulantes.
522 1966 614 2045 Quae
628 1988 700 2035 cum
713 1969 761 2034 ita
775 1970 848 2055 sint,
870 1977 995 2037 tantum
1009 1972 1110 2055 abest,
1134 1977 1169 2037 ut
1183 1970 1224 2037 de
1239 1972 1380 2057 Lysiaca

269 2075 393 2159 origine
426 2075 582 2161 epitaphii
615 2076 696 2143 satis
728 2083 872 2161 constet,¹
899 2082 934 2142 ut
965 2077 1046 2144 haee
1080 2079 1240 2143 contraria
1271 2078 1380 2163 opinio

226 2238 227 2241 ,
268 2182 374 2265 magis
397 2182 566 2266 magisque
589 2183 737 2249 evincere
761 2190 859 2267 atque
885 2184 960 2269 plus
988 2183 1022 2249 in
1051 2184 1122 2251 dies
1144 2186 1380 2251 inveterascere

268 2287 424 2357 videatur.
465 2286 513 2354 Ac
535 2295 642 2355 tamen
664 2290 722 2355 illa
745 2287 840 2356 huius
863 2289 1017 2357 orationis
1041 2291 1264 2356 condemnatio
1288 2312 1380 2376 prae·

269 2415 408 2481 propera
432 2416 505 2463 esse
526 2416 631 2480 neque
646 2396 727 2463 satis
750 2397 869 2463 rationi
881 2416 979 2463 verae
993 2396 1159 2463 doctrinae
1182 2398 1380 2483 respondere

268 2501 700 2588 mihividetur.⁶)'llquidem
723 2509 809 2569 certe
823 2509 945 2586 quanta
967 2508 1114 2587 poteram
1126 2504 1266 2569 maxima
1281 2524 1380 2588 opera
1486 2538 1494 2556 ·

269 2628 309 2675 ac
331 2608 500 2693 diligentia
522 2609 555 2675 in
568 2609 631 2675 hac
652 2629 687 2675 re
701 2609 861 2675 collocata
882 2629 941 2693 pro
962 2628 1037 2675 mea
1057 2614 1150 2694 parte
1172 2629 1258 2676 nova
1280 2630 1375 2694 argu-

269 2723 379 2783 menta
409 2716 530 2803 inveni,
565 2736 649 2800 quae
680 2715 840 2801 epitaphii
871 2716 1057 2781 auctoritati
1090 2715 1230 2799 fideique
1262 2717 1380 2783 favent

269 2824 341 2890 Huc
363 2823 511 2909 accessit,
534 2822 622 2907 quod
644 2822 786 2889 editione
808 2821 903 2888 huius
925 2821 1081 2888 orationis
1104 2842 1206 2908 nuper
1228 2844 1286 2908 per
1300 2824 1380 2888 Erd-

270 2950 420 2996 mannum
447 2929 603 3015 curata‚⁷)
636 2948 719 3012 quae
750 2928 784 2993 in
811 2927 1061 3011 diligentissima
1091 2947 1177 2994 nova
1208 2929 1380 2995 collatione

271 3036 415 3103 codicum
437 3037 545 3122 posita
569 3033 663 3123 est,⁸)
691 3034 757 3099 iam
779 3034 854 3100 huic
877 3055 1004 3119 quoque
1027 3035 1160 3101 criticae
1182 3036 1381 3102 exercendae

270 3143 485 3211 firmissimum
512 3141 754 3209 fundamentum
781 3141 900 3207 iactum
928 3148 991 3229 est,
1023 3142 1111 3225 quod
1132 3141 1381 3226 haudquaquam

269 3258 400 3319 nostrae
424 3250 604 3322 sententiae
622 3248 793 3317 videbatur
815 3250 954 3316 obstare.
999 3250 1059 3315 His
1082 3249 1181 3333 igitur
1203 3249 1381 3315 rationibus

271 3364 446 3425 commotus
475 3362 573 3441 atque
600 3355 697 3422 nixus
723 3356 756 3420 in
784 3355 925 3421 animum
952 3356 1064 3422 induxi
1094 3354 1217 3439 conari,
1250 3356 1278 3422 si
1303 3355 1382 3420 mihi

345 3534 364 3603 ι1
383 3536 456 3589 Ante
474 3534 504 3587 L.
527 3534 600 3588 hanc
621 3550 732 3587 eausam
754 3532 912 3588 defenderat
934 3532 1080 3602 praecipue
1099 3531 1254 3586 Geversius:
1283 3532 1380 3600 Dispu-

270 3624 384 3679 tationis
403 3624 436 3677 de
454 3622 537 3691 Lysia
554 3622 690 3691 epitaphii
708 3625 818 3676 auctore
836 3625 920 3690 caput
938 3623 1063 3676 alterum.
1101 3621 1176 3675 Gott.
1198 3620 1274 3673 1839.

344 3711 365 3780 ²)
384 3712 525 3781 eoecsing.
544 3711 604 3766 Gel.
622 3712 689 3768 Ana.
708 3710 786 3776 1864,
805 3711 858 3765 vol.
878 3711 899 3775 Ι,
918 3728 945 3779 p.
960 3712 1012 3765 824
1030 3728 1051 3763 s.

344 3800 365 3869 8)
385 3801 481 3856 (iesch.
499 3800 547 3855 der
566 3802 617 3855 aas.
636 3799 743 3855 Bereds.
780 3800 802 3865 Ι,
821 3799 913 3868 Leipa.
934 3800 1002 3853 1868
1020 3816 1046 3867 p.
1065 3798 1119 3850 429
1137 3814 1158 3851 s.

343 3890 365 3958 ⁴)
386 3891 425 3944 De
443 3888 585 3958 epitaphio
604 3888 702 3958 Lysiae
719 3887 821 3943 oratori
838 3888 908 3942 falso
926 3888 1040 3941 tributo.
1076 3885 1165 3939 Berol.
1188 3886 1262 3940 1868.

344 3978 365 4047 ⁶)
384 3980 424 4033 De
447 3978 595 4047 epitaphii,
619 3978 669 4047 qui
691 3978 741 4031 sub
766 3976 864 4046 Lysiae
887 3976 998 4031 nomine
1020 3975 1121 4039 fertur,
1145 3990 1244 4043 genere
1266 3974 1381 4028 dicendi.

271 4069 329 4137 Gry
347 4068 375 4121 h.
395 4068 473 4121 1881.

330 4086 366 4223 po)
384 4154 424 4210 Of.
443 4154 561 4221 Boeclrh,
580 4154 695 4223 Encylrl.
715 4152 772 4207 und
790 4152 909 4207 Method.
929 4151 955 4207 d.
974 4152 1044 4220 phil.
1064 4150 1145 4204 Wiss.
1182 4149 1296 4218 Leipzig
1315 4150 1382 4205 1877

271 4264 298 4314 p.
317 4245 377 4299 212.

345 4332 366 4400 ⁷)
384 4332 493 4402 Lipsiae
512 4334 589 4398 1881,

345 4420 373 4488 ⁸),
385 4422 425 4477 Cf.
445 4422 578 4477 eiusdem:
598 4422 638 4475 De
652 4418 844 4488 Pseudolysiae
861 4419 997 4489 epitaphii
1015 4416 1160 4472 codicibus.
1184 4414 1292 4502 Lipsiae
1308 4417 1384 4472 1881.
