3034 5067
788 421 831 485 32

250 616 355 680 neque
379 595 553 679 quidquam
576 596 720 679 occurrit,
744 594 830 679 quod
852 594 948 662 huius
977 596 1115 661 oratoris
1138 596 1363 681 compositioni

251 723 314 768 non
347 703 389 769 sit
419 703 557 768 maxime
590 708 847 770 consentaneum.
902 702 950 768 Ac
972 704 1109 788 primum
1140 711 1265 788 orator,
1298 724 1377 788 quo¹
1506 703 1508 711 “

254 809 369 875 melius
384 810 527 893 cogitata
551 816 583 875 et
606 810 741 875 consilia
764 829 973 894 personarum
997 808 1167 895 describat,
1190 810 1364 876 enuntiatis

257 917 489 1002 principalibus
524 917 701 983 sententias
736 916 947 983 secundarius
980 918 1156 1002 adiungere
1188 920 1363 1004 consuevit,

255 1044 337 1107 quas
359 1024 545 1109 plerumque
567 1023 740 1109 participio
764 1021 928 1111 ἡγοὺμενος
956 1022 1022 1109 (vel
1048 1025 1185 1112 νομ1ζων)
1213 1024 1365 1091 inchoare

254 1138 417 1215 totamque
448 1131 615 1217 periodum
643 1130 812 1197 absolvere
840 1131 932 1199 solet.
993 1131 1091 1198 (iuius
1124 1138 1304 1199 structurae
1332 1133 1365 1197 in

253 1239 417 1325 epitaphio
440 1239 512 1324 ipso
537 1239 682 1322 quamvis
706 1237 857 1321 frequens
879 1258 920 1303 ue
944 1238 1049 1303 dicam
1077 1240 1294 1326 intemperans
1324 1240 1367 1305 sit

253 1366 339 1431 usus,
362 1352 469 1410 10111011
493 1345 574 1411 satis
592 1346 759 1430 probatur:
785 1348 828 1426 ἓξ
850 1349 876 1430 1,
901 1348 956 1426 (8),
983 1348 1032 1430 14,
1058 1349 1107 1431 19,
1130 1349 1210 1431 (21),
1234 1350 1285 1431 28,
1308 1349 1361 1413 30.

253 1455 305 1538 25,
322 1456 372 1531 19,
388 1456 439 1537 21,
454 1454 505 1537 22,
521 1453 599 1537 (23),
615 1455 665 1533 28,
681 1454 734 1519 33.
749 1454 802 1530 21,
820 1455 870 1536 11,
887 1456 936 1530 11,
956 1454 1004 1536 19,
1019 1453 1071 1518 25.
1105 1452 1143 1517 In
1165 1452 1227 1518 hac
1249 1473 1284 1519 10
1307 1473 1366 1517 no-

255 1566 362 1625 tentur
376 1560 473 1624 etiam
488 1558 650 1624 conclusio
664 1556 826 1645 ἡγοὺμενος
840 1560 871 1623 δὲ
882 1564 1022 1643 —caput
1036 1558 1192 1625 enuntiati
1201 1564 1366 1646 -νομὶζων

256 1669 308 1751 22,
324 1668 353 1733 2.
378 1668 398 1747 ξ
423 1668 464 1733 21
490 1671 522 1731 01
543 1664 663 1731 iunctio
687 1662 868 1751 ἡγησάμενοι
889 1676 1019 1749 κρεῖττον
1042 1663 1114 1731 εἶναι
1138 1668 1158 1746 5
1182 1666 1234 1731 33.
1257 1667 1313 1749 31,
1338 1667 1366 1730 l.

256 1773 292 1837 Si
314 1793 398 1838 nunc
420 1772 576 1839 rationem
600 1772 811 1838 membrorum
835 1770 948 1838 eodem
963 1778 1073 1838 tenore
1095 1771 1368 1857 progredientium

255 1885 447 1964 spectamus,
471 1878 643 1945 disiunctio
657 1879 831 1965 praecipue
854 1879 886 1944 in
911 1878 1022 1945 schola
1035 1878 1093 1944 illa
1109 1879 1252 1963 Gorgiae
1275 1876 1366 1943 adhi-

252 1986 322 2051 bita
344 1993 442 2069 atque
464 1984 566 2071 primo
590 1984 833 2052 demonstrativi
856 1985 1057 2071 potissimum
1081 1986 1210 2071 generis
1232 1986 1366 2071 propria

255 2091 357 2159 fuisse
379 2092 514 2177 videtur,
538 2113 610 2157 oum
631 2111 672 2158 ne
695 2093 857 2159 Isocrates
880 2092 1019 2179 quidem,
1042 2098 1077 2158 ut
1100 2112 1140 2158 ex
1164 2096 1194 2172 4,
1219 2095 1311 2159 80-
1324 2094 1367 2159 82

255 2199 635 2284 019,43-41010001,
666 2220 706 2266 00
734 2199 934 2267 abstinuerit.
985 2199 1090 2284 Atque
1118 2199 1205 2285 apud
1234 2199 1368 2283 Lysiam

255 2305 384 2389 quidem
406 2305 488 2372 haec
511 2305 700 2393 compositio
733 2307 887 2371 maiorem
909 2307 943 2371 in
974 2306 1103 2372 modum
1130 2327 1195 2371 nou
1222 2305 1367 2371 admissa

255 2419 305 2479 est
328 2412 390 2479 uisi
413 2413 446 2476 in
470 2412 541 2497 ipso
562 2413 726 2497 epitaphio
751 2416 828 2493 §61
853 2434 889 2498 0.,
913 2412 967 2478 ubi
982 2419 1090 2479 orator
1104 2412 1178 2479 illos
1192 2412 1367 2497 populares

254 2518 394 2585 laudans
416 2517 538 2585 nullum
561 2525 752 2604 apparatum
781 2518 972 2585 rhetoricum
998 2525 1091 2604 putat
1122 2518 1185 2585 sibi
1217 2539 1291 2585 esse
1320 2538 1369 2583 re-

254 2625 463 2712 pudiandum.
487 2625 546 2691 Oui
569 2625 698 2709 quidem
711 2626 783 2691 loco
807 2646 1000 2709 quamquam
1022 2626 1144 2691 ambitu
1163 2624 1247 2691 nihil
1269 2625 1368 2710 plane

253 2753 314 2819 par
337 2753 377 2799 ex
401 2732 516 2798 ceteris
532 2732 729 2799 orationibus
745 2731 882 2799 conferri
896 2739 1013 2817 potest,
1037 2739 1145 2799 tamen
1167 2731 1247 2797 nihil
1261 2731 1368 2815 magis

254 2860 326 2905 eum
347 2839 497 2924 illustrat,
521 2859 617 2922 quam
639 2842 688 2924 12,
703 2842 754 2925 97,
777 2840 833 2905 ubi
855 2845 964 2905 orator
977 2838 1151 2905 eorundem
1164 2839 1368 2924 popularium

255 2946 302 3013 sic
324 2946 358 3012 in
380 2946 532 3031 periculis
559 2952 595 3010 ut
622 2946 655 3010 in
683 2944 849 3032 epitaphio
878 2946 912 3011 in
938 2946 1109 3011 virtutibus
1142 2944 1366 3013 describendis

254 3060 303 3119 ter
326 3052 441 3120 saltem
463 3051 656 3137 asyndetum
679 3061 824 3139 usurpat.
861 3052 984 3119 Eadem
1008 3054 1239 3139 compositione
1263 3053 1367 3118 oratio

254 3166 330 3245 apte
353 3161 505 3227 incitatur
528 3162 578 3245 32,
605 3163 646 3227 10
669 3161 701 3225 in
726 3160 940 3227 describendo
968 3160 1079 3227 dolore
1102 3182 1142 3227 ac
1164 3161 1295 3227 miseria
1318 3180 1367 3225 or-

254 3269 365 3333 borum
388 3267 505 3333 iniuria
529 3266 716 3334 affectorum
744 3288 848 3352 neque
874 3267 979 3334 miuus
1008 3268 1161 3334 concinne
1190 3270 1242 3352 31,
1272 3270 1311 3334 17
1341 3289 1367 3335 s.

254 3375 288 3438 iu
309 3374 453 3458 nequitia
476 3374 523 3441 rei
544 3373 759 3460 depingenda.
806 3374 1024 3461 Periodorum,
1048 3395 1131 3459 quae
1146 3373 1369 3442 coniunctione

254 3482 464 3547 membrorum
487 3487 627 3547 structae
651 3488 733 3567 sunt,
756 3481 995 3548 consideremus
1018 3482 1154 3566 primum
1176 3481 1366 3566 tripartitus.

254 3587 393 3654 Adduo
417 3588 501 3654 euim
523 3589 664 3654 membra
688 3588 837 3655 antitheti
859 3587 1029 3674 particulis
1053 3587 1276 3677 μὲν-8110010
1305 3586 1367 3653 101-

257 3694 336 3759 mati
360 3694 487 3760 tertium
509 3695 625 3761 vocula
648 3698 679 3760 δὲ
701 3694 896 3781 adiungitur,
919 3695 1005 3780 quod
1029 3695 1190 3761 sententia
1212 3702 1279 3760 tum
1303 3694 1366 3779 pri-

255 3802 363 3868 oribus
385 3802 452 3868 illis
476 3802 654 3887 opponitur,
678 3808 743 3867 tum
768 3808 876 3868 autem
889 3803 984 3886 quasi
1007 3822 1047 3867 ea
1070 3801 1233 3882 concludit
1256 3808 1289 3867 et
1311 3802 1367 3867 ab·

256 3909 360 3977 solvit.
407 3908 497 3975 Haec
520 3909 606 3975 tertii
634 3909 767 3975 membri
794 3908 926 3995 paulum
953 3901 1083 3976 diversa
1110 3915 1226 3975 natura
1253 3907 1306 3976 vel
1334 3908 1367 3974 in

255 4036 335 4083 voce
359 4015 532 4102 incipiente
556 4016 707 4102 cernitur,
731 4017 818 4082 velut
841 4020 861 4097 ἓ
888 4019 937 4082 lb.
983 4019 1080 4098 §aa
1121 4019 1218 4097 §db
1262 4019 1291 4100 l,
1316 4017 1367 4083 19.

256 4125 286 4208 9,
312 4125 362 4208 14,
386 4124 437 4191 25.
479 4125 528 4202 12,
552 4124 605 4209 43,
629 4125 681 4209 59,
705 4126 756 4190 69.
796 4125 845 4208 19,
869 4125 921 4189 36.
958 4124 1009 4208 32,
1034 4125 1085 4208 20,
1107 4122 1140 4187 in
1164 4142 1228 4206 qua
1250 4142 1285 4187 re
1304 4120 1367 4188 duo

255 4230 364 4315 priora
378 4232 519 4296 membra
543 4230 640 4296 etiam
663 4230 863 4316 anaphoram
886 4228 1013 4297 efficere
1037 4236 1181 4315 possunt,
1195 4229 1283 4295 velut
1301 4232 1322 4311 ξ
1338 4232 1368 4296 2.

249 4330 285 4422 Ι7,
308 4341 361 4405 41.
410 4340 612 4423 12,19,62.
659 4340 710 4422 21),
734 4340 786 4404 31).
834 4339 887 4404 30.
911 4339 941 4405 2.
987 4337 1024 4403 In
1046 4338 1121 4423 plus
1143 4336 1246 4403 tribus
1272 4356 1367 4401 mem·

255 4446 322 4511 bris
359 4444 416 4510 illa
453 4443 612 4529 particula
648 4443 820 4527 iungendis
852 4450 960 4509 orator
991 4465 1141 4527 magnam
1177 4444 1366 4509 varietatem
