3034 5067
670 416 690 479 9

572 504 783 515 -n———u—-u-—n-

120 631 163 677 ex
195 609 257 677 hac
292 630 328 677 re
360 610 549 695 compositio
582 608 738 696 epitaphii
775 608 857 676 satis
888 627 1047 694 superque
1078 606 1232 692 explicari

118 724 237 803 potest
281 718 366 786 Nam
384 723 499 802 orator,
523 736 717 801 quamquam
735 715 907 782 manifesto
930 715 995 782 iam
1008 715 1061 783 vel
1075 716 1232 782 maximos

119 824 236 908 globos
259 823 292 890 in
315 824 454 891 ambitus
477 823 596 891 referre
619 844 659 891 ae
680 820 818 889 rotunde
833 822 1092 891 circumscribere
1114 822 1232 904 studet,

119 936 229 997 tamen
261 930 399 1015 rigorem
435 930 595 1017 quondam
628 929 871 1016 compositionis
908 930 1061 1014 antiquae
1093 928 1233 995 nondum

117 1038 218 1123 plane
250 1056 403 1123 superare
425 1043 542 1122 potest
574 1058 646 1104 eum
678 1058 718 1103 ex
753 1037 858 1103 altera
887 1042 981 1121 parte
1008 1036 1106 1103 etiam
1134 1037 1233 1119 longa

120 1143 206 1211 serie
239 1162 428 1229 semperque
460 1143 557 1211 simili
590 1149 701 1211 tenore
733 1143 892 1210 antitheta
923 1143 1095 1210 continuet
1148 1142 1234 1208 Illud

119 1250 206 1320 enim
234 1250 339 1335 ipsum
367 1250 592 1317 concinnitatis
620 1250 775 1334 studium,
803 1250 837 1315 in
859 1250 1077 1317 ostentatione
1105 1250 1232 1317 demon-

119 1356 259 1425 strativa
294 1356 434 1442 positum
445 1402 458 1442 ‚-
491 1376 626 1425 necesse
662 1363 712 1425 est
747 1357 853 1441 magis
889 1357 1078 1423 uniformem
1113 1356 1234 1423 efficiat

119 1464 392 1533 continuationem
428 1448 639 1531 membrorum
678 1463 899 1548 rotundaeque
940 1484 980 1530 ac
1015 1462 1233 1549 circumscrip-

118 1576 175 1637 tae
211 1570 434 1657 compositioni
470 1572 637 1637 verborum
673 1569 805 1637 officiat
869 1570 966 1636 Ouius
1003 1570 1051 1636 rei
1087 1565 1153 1636 non
1184 1576 1235 1636 est

119 1677 281 1761 insignius
328 1677 508 1763 exemplum
554 1698 650 1761 quam
690 1678 908 1763 fragmentum
950 1676 1031 1742 illud
1077 1676 1235 1762 epitaphii

119 1783 273 1869 Gorgiae,
297 1782 391 1870 quod,
414 1790 509 1869 prout
532 1784 759 1851 antithetorum
782 1790 897 1849 ornatu
918 1783 1058 1849 maxime
1081 1782 1234 1869 abundat,

119 1891 168 1956 ita
200 1889 328 1955 rotundi
360 1889 490 1974 quidem
521 1912 560 1957 ac
594 1890 763 1977 compositi
794 1889 958 1957 minimum
988 1889 1095 1956 habet
1141 1887 1235 1966 Quod

119 1996 202 2064 artis
235 1996 330 2063 huius
361 1995 500 2064 rhetoris
535 1997 624 2064 haud
661 1997 758 2063 dubie
796 1997 968 2081 genuinum
999 2002 1236 2063 mouumentum

119 2105 220 2187 longa
257 2124 316 2171 sua
348 2104 587 2171 continuatione
623 2106 835 2171 membrorum
871 2103 1055 2187 aequalium
1091 2103 1235 2187 aequali-

119 2218 234 2295 terque
267 2217 459 2279 structorum
491 2212 524 2277 in
556 2211 692 2279 historia
725 2211 930 2295 eloquendas
962 2210 1109 2277 Graecae
1142 2210 1235 2294 qnasi

120 2316 264 2383 archaici
291 2317 459 2385 cuiusdam
487 2318 554 2385 stili
581 2318 652 2385 vice
680 2319 830 2403 iungitur.
882 2318 1020 2385 Etiamsi
1046 2317 1145 2401 igitur
1170 2337 1235 2382 non

120 2422 252 2507 quidem
274 2444 394 2510 ponere
421 2426 567 2493 volumus
590 2424 652 2491 hoc
674 2424 817 2509 Gorgiae
840 2424 998 2510 epitaphii
1021 2444 1124 2508 genus
1151 2443 1234 2489 com-

119 2529 293 2616 positionis
324 2532 444 2617 Lysiae
478 2532 512 2597 in
545 2531 711 2599 condendo
749 2552 809 2599 suo
841 2530 1006 2617 epitaphio
1043 2529 1167 2597 directo
1200 2536 1237 2595 ut

121 2638 304 2723 exemplum
336 2646 412 2705 ante
444 2639 555 2706 oeulos
583 2640 788 2707 obversatum
820 2659 907 2724 esse,
939 2637 974 2704 in
1004 2637 1067 2703 bac
1097 2658 1133 2703 re
1161 2657 1234 2703 con·

51 2747 54 2753 ’
121 2743 298 2812 sideranda
320 2745 474 2813 historica
492 2746 576 2812 ratio
600 2767 640 2813 ac
656 2746 854 2831 comparatio
877 2745 987 2829 utique
1005 2744 1149 2813 recusari
1171 2764 1235 2810 non

120 2858 239 2937 potest.
282 2853 366 2920 Nam
389 2853 418 2919 si
440 2852 514 2919 huic
538 2854 663 2919 solutae
686 2852 911 2938 compositioni
925 2852 1068 2935 Gorgiae
1082 2850 1235 2919 Isocratis

121 2958 213 3023 illam
225 2958 403 3044 perfectam
417 2960 662 3043 absolutamque
675 2959 880 3045 periodorum
893 2959 1123 3025 rotunditatem
1136 2978 1235 3043 oppo-

121 3064 236 3151 nimus,
259 3086 364 3133 uonnc
387 3073 497 3134 noster
516 3066 700 3152 epitaphius
723 3067 807 3133 inter
828 3066 888 3133 hos
911 3072 1057 3133 oratores
1079 3065 1113 3130 in
1128 3064 1234 3132 medio

116 3171 290 3265 ponendus
313 3180 411 3257 atque
434 3180 500 3240 tam
515 3172 726 3259 componendi
749 3172 875 3239 ratione
898 3192 994 3257 quam
1017 3177 1127 3238 aetate
1141 3170 1235 3255 quasi

122 3278 293 3347 transitum
325 3279 408 3347 inter
439 3300 495 3347 eos
528 3280 636 3348 iacere
667 3278 831 3365 putandus
864 3280 940 3346 est?
1007 3279 1121 3363 Itaque
1153 3277 1235 3345 haee

123 3386 227 3453 oratio
255 3385 343 3453 haud
369 3388 539 3455 obscurum
561 3385 721 3471 quendam
749 3386 885 3472 gradum
907 3404 1176 3472 progressumque
1202 3385 1237 3451 in

121 3492 256 3579 periodo
269 3495 468 3579 panegyrica
484 3493 660 3561 excolenda
675 3493 859 3579 significare
871 3493 1009 3562 videtur.
1054 3494 1114 3559 Oui
1128 3498 1236 3561 autem

122 3600 229 3683 magis
247 3607 496 3669 consentaneum
515 3607 566 3669 est
584 3599 644 3667 hoc
662 3621 778 3668 munus
795 3600 953 3667 vindicari
974 3599 1236 3686 epitaphiumque

123 3708 229 3793 tribui,
251 3728 347 3793 quam
371 3708 476 3775 eidem
488 3708 618 3794 Lysiae,
640 3708 695 3792 qui
717 3707 903 3774 iudicialem
925 3727 1052 3792 quoqne
1067 3707 1235 3793 periodum

125 3820 182 3881 aut
204 3814 275 3900 ipse
298 3814 424 3881 demum
446 3816 614 3883 invenerat
635 3821 692 3881 aut
714 3814 780 3880 iam
802 3815 965 3882 inventum
988 3814 1195 3882 excoluerat?
1209 3816 1234 3895 ¹)

122 3922 236 4007 Neque
251 3942 327 3989 vero
351 3922 384 3987 in
406 3922 509 4008 ipsius
523 3922 686 3989 iudicialis
701 3921 829 4006 generis
852 3920 1091 4007 compositione,
1114 3920 1148 3986 in
1170 3940 1235 4005 qua

124 4029 253 4114 quidem
285 4036 393 4095 orator
423 4049 577 4115 perquam
608 4029 707 4095 multo
739 4030 814 4114 plus
847 4048 944 4113 quam
974 4028 1008 4094 in
1036 4027 1235 4113 panegyrica

124 4136 339 4204 elaboraverit
353 4142 450 4220 atque
463 4142 611 4204 versatus
631 4136 682 4221 sit,
705 4143 763 4202 ant
775 4135 873 4221 plane
888 4136 1016 4203 exculta
1037 4141 1095 4201 aut
1108 4153 1234 4219 semper

124 4241 239 4313 eadem
261 4242 388 4309 indoles
411 4249 583 4329 comparet,
606 4242 665 4309 sed
687 4242 763 4309 huie
785 4262 913 4327 quoqne
936 4242 1088 4327 antiquus
1102 4238 1234 4326 quidam

122 4350 211 4433 rigor
234 4348 462 4433 affectatioque
483 4348 557 4434 plus
580 4349 724 4416 minusve
747 4347 913 4415 adhaeret.

197 4488 219 4559 ¹)
238 4491 277 4547 Cf.
296 4492 407 4561 Dionys.
427 4490 461 4545 de
477 4491 539 4560 hys.
558 4490 583 4545 6.
