3034 5067
802 423 846 487 42

263 613 372 680 altera
395 613 544 699 pendent,
567 614 717 682 videlicet
741 614 802 682 soli
819 616 1019 683 observatori
1038 612 1146 681 hiatus
1162 635 1297 683 necesse
1320 616 1382 681 fuit

268 726 306 785 τὰ
333 718 431 787 αὐτῶν
457 727 539 788 κακὰ
570 723 604 788 in
631 727 686 795 τὰς
714 720 810 789 αὑτῶν
837 728 993 811 συμφορὰς
1019 729 1215 789 commutare
1246 743 1286 789 ac
1317 742 1382 788 non

270 834 380 894 contra
403 830 525 895 auctori
549 829 712 915 epitaphii.
758 830 885 895 Pariter
912 829 1111 915 explicamus
1140 829 1381 896 similitudinem

269 936 490 1001 nonnullorum
513 937 665 1003 Isocratis
693 957 764 1002 cum
789 936 954 1022 epitaphio
982 936 1126 1002 locorum
1148 955 1320 1020 eorumque
1348 936 1382 1001 in

270 1042 311 1109 iis
339 1041 466 1125 quidem
494 1043 704 1127 orationibus,
732 1063 816 1127 quae
844 1063 954 1109 omnes
982 1042 1059 1109 item
1086 1049 1173 1109 certe
1202 1049 1279 1128 post
1300 1062 1381 1141 eum,

272 1169 365 1232 quem
379 1149 552 1215 conicimus
575 1170 615 1215 ac
629 1149 841 1234 defendimus,
865 1156 968 1215 ortum
982 1148 1078 1215 huius
1096 1156 1226 1215 nostrae
1241 1149 1381 1235 scriptae

271 1260 359 1320 sunt:
383 1258 470 1340 §40,
494 1256 535 1322 Is.
559 1259 587 1340 6,
603 1259 637 1339 93
662 1258 750 1341 531,
774 1257 814 1322 Is.
839 1259 963 1342 6,100;
987 1259 1076 1342 §dh
1099 1257 1142 1323 Is.
1168 1258 1197 1341 l,
1213 1258 1269 1340 753
1294 1259 1382 1341 §bct

271 1361 313 1427 Is.
339 1363 388 1446 14,
405 1365 442 1445 43
470 1366 490 1444 ἓ
514 1365 543 1446 6,
573 1363 613 1428 Is.
640 1365 689 1448 14,
710 1366 761 1428 25.
806 1362 856 1429 An
879 1362 1057 1449 putandum
1084 1368 1135 1430 est
1161 1362 1251 1429 illum
1273 1364 1382 1449 potius

271 1468 481 1554 posteriorem
504 1470 661 1558 epitaphii
684 1472 872 1557 scriptorem
900 1491 1010 1538 omnes
1037 1471 1112 1537 ihas
1134 1470 1298 1538 isocratis'
1311 1492 1381 1537 ora·

272 1575 376 1642 tiones
399 1577 552 1643 memoria
574 1584 735 1645 tenentem
757 1585 825 1644 tam
848 1578 995 1645 sollerter
1018 1578 1243 1663 excerpsisse?
1288 1578 1332 1644 At
1354 1578 1382 1643 si
1500 1575 1501 1578 ’

272 1683 356 1748 hunc
391 1690 550 1750 oratorem
586 1692 652 1750 tam
689 1685 864 1769 diligenter
897 1684 1102 1751 lectitaverat
1137 1691 1267 1768 tamque
1300 1686 1383 1751 bene

273 1790 435 1873 cognitum
458 1790 598 1857 habebat
619 1792 675 1859 illc
690 1791 888 1878 compilator,
911 1796 987 1877 tum,
1011 1792 1132 1877 opinor,
1154 1811 1290 1858 neccsse
1314 1797 1385 1857 crat

273 1916 345 1961 eum
360 1897 456 1963 etiam
471 1918 667 1966 communem
681 1905 778 1982 atque
793 1898 886 1982 quasi
901 1898 1122 1981 quotidianum
1144 1898 1213 1964 eius
1227 1898 1384 1965 sermonis
1501 1889 1502 1892 ¹

273 2022 365 2068 usum
394 2004 508 2071 melius
535 2026 633 2073 nosse
661 2026 700 2072 ac
724 2007 815 2090 sequi
839 2027 935 2090 quam
963 2025 1062 2092 supra
1085 2004 1384 2072 demonstravimus.

274 2108 393 2175 Contra
424 2111 504 2176 nihil
536 2114 656 2198 obstat,
694 2113 770 2197 quin
802 2134 861 2199 pro
893 2120 980 2180 certo
1014 2133 1176 2180 sumamus
1207 2113 1385 2179 Isocratem

273 2217 394 2301 Lysiae
418 2219 616 2305 epitaphium
638 2241 749 2305 unum,
772 2226 883 2305 utpote
907 2241 1001 2304 quem
1024 2219 1057 2284 in
1080 2218 1277 2304 panegyrico
1301 2238 1384 2284 com-

273 2323 423 2408 ponendo
452 2327 678 2412 excerpsisset,
706 2327 758 2393 vel
786 2326 859 2393 ideo
887 2326 1017 2412 penitus
1043 2326 1197 2392 memoria
1223 2331 1385 2392 tenentem

274 2430 307 2494 in
331 2431 446 2497 ceteris
470 2453 596 2516 quoquc
619 2433 818 2500 orationibus
841 2432 1082 2501 conscribendis
1109 2432 1233 2519 passim
1261 2430 1385 2515 aliquid

275 2557 315 2601 ex
345 2558 383 2603 eo
411 2537 608 2607 delibavisse
636 2547 733 2624 atquc
761 2540 794 2605 in
818 2560 909 2607 sunm
932 2561 1024 2606 usum
1047 2539 1259 2623 convertisse,
1288 2544 1323 2603 nt
1343 2557 1385 2603 ne
1501 2559 1506 2577 ¹

274 2643 437 2709 minimum
453 2645 581 2728 quidem
604 2647 638 2711 in
661 2654 769 2713 cetera
783 2647 937 2730 loquendi
951 2645 1183 2713 consuetudine
1205 2651 1386 2711 moveretur

275 2751 567 2837 proprietatemque
583 2774 673 2819 suam
688 2754 856 2820 amitteret.
892 2752 1036 2838 Accedit,
1051 2752 1138 2837 qnod
1150 2751 1246 2818 huius
1260 2770 1386 2835 quoquc

275 2858 322 2922 rei
349 2859 442 2941 quasi
470 2860 632 2944 quoddam
661 2860 816 2927 directum
843 2881 948 2944 neque
979 2860 1084 2926 minus
1112 2858 1267 2925 disertum
1297 2856 1386 2923 testi-

275 2964 415 3031 monium
429 2965 572 3050 proferre
590 2988 763 3052 possumus
786 2988 882 3051 quam
905 2987 989 3051 qnae
1013 2985 1111 3052 supra
1134 2964 1176 3031 de
1189 2963 1386 3049 panegyrico

276 3071 348 3155 ipso
371 3075 548 3158 composita
572 3081 653 3140 sunt.
691 3074 743 3141 Or.
768 3076 852 3141 enim
876 3079 905 3160 6,
926 3076 990 3141 100
1011 3073 1045 3138 in
1066 3072 1310 3158 pugnatoribus,
1332 3069 1387 3153 qui
1504 3127 1505 3176 ,

276 3178 363 3263 apud
391 3179 625 3266 Thermopylas
653 3181 899 3265 dimicaverant,
927 3178 1101 3245 laudandis
1125 3179 1286 3245 Isocrates
1320 3176 1386 3262 epi·

277 3287 380 3371 taphii
404 3291 424 3369 ξ
443 3291 495 3366 31,
519 3295 554 3353 ut
576 3288 726 3373 diximus,
748 3294 914 3355 mutuatus
936 3286 1023 3352 haud
1047 3286 1145 3352 dubie
1167 3284 1262 3351 huius
1284 3282 1388 3369 ipsius

151 3405 154 3411 '
276 3392 475 3460 laudationis
499 3402 660 3460 auctorem
684 3396 822 3461 maxime
845 3394 988 3479 respicit,
1013 3413 1084 3459 cum
1107 3391 1257 3458 continno
1280 3388 1387 3455 addit:

277 3500 355 3566 ὥστε
377 3503 447 3574 τοὺς
469 3506 544 3588 μετὰ
566 3509 676 3591 τέχνας
695 3503 933 3589 ἑγιιωμιάζοντας
952 3505 993 3588 μὴ
1010 3503 1155 3567 δῦνασθαι
1170 3500 1239 3572 τοὺς
1253 3496 1390 3568 ἐπαίνους

278 3609 415 3681 ἐξισῶσαι
445 3620 511 3683 ταῖς
538 3610 660 3675 ἐκείνων
686 3610 816 3693 ἀρεταῖς.
863 3608 955 3685 Quae
985 3608 1085 3673 verba
1115 3625 1221 3672 nonne
1251 3602 1391 3669 reddunt

280 3716 514 3783 confessionem
536 3717 656 3802 Lysiae
679 3716 783 3802 ipsius
811 3717 844 3781 in
868 3714 1033 3801 epitaphio
1057 3713 1171 3799 ipsolr
1200 3715 1220 3794 13*
1245 3714 1262 3778 1
1291 3708 1390 3783 ὁσᾶς

278 3830 390 3911 χρόνος
413 3821 469 3911 οὐχ
492 3822 594 3897 ἱκανὸς
617 3825 704 3907 λόγον
727 3823 793 3890 ἴσον
815 3829 1040 3908 παρασκευάσαι
1068 3831 1131 3893 τοῖς
1153 3822 1263 3885 cebron
1285 3816 1390 3902 ἔργοις,

280 3929 436 4015 afilani,
462 3931 511 3997 13.

348 4035 439 4113 Quae
466 4057 537 4102 cum
563 4037 712 4121 basiat,
743 4034 874 4103 tandem
901 4034 936 4099 id
963 4033 1079 4101 saltem
1101 4050 1159 4118 pro
1183 4036 1270 4097 certo
1293 4036 1392 4112 atque

282 4145 448 4231 explorato
471 4144 649 4230 accipiatur
663 4163 798 4209 necesse
821 4149 870 4210 est
885 4138 1084 4228 epitaphium
1098 4145 1242 4206 nostrum
1255 4136 1393 4203 Isocrati

281 4252 512 4338 panegyricum
540 4251 692 4318 scribenti
718 4257 849 4336 praesto
877 4249 978 4315 fuisse
1005 4254 1103 4331 atquc
1130 4267 1184 4332 cc,
1216 4242 1302 4329 quod
1329 4243 1392 4309 sibi
1455 4332 1458 4339 Ι

281 4358 437 4445 vindicat,
465 4365 608 4444 tempore
630 4364 775 4423 exortum
798 4376 879 4423 esse.
925 4355 1054 4432 Quanta
1076 4359 1184 4421 autem
1211 4374 1252 4419 cx
1272 4351 1336 4416 hac
1357 4370 1393 4414 re

283 4467 441 4534 redundet
470 4466 521 4537 vis
553 4466 793 4549 auctoritasque
828 4464 873 4529 ad
903 4463 1077 4549 Lysiacam
1108 4460 1205 4529 huius
1236 4456 1393 4526 orationis
