3034 5067
794 418 923 513 aa·

261 618 322 677 aci
345 616 417 697 πρὸς
440 614 507 685 τοὺς
530 614 698 698 βαρβάρως
719 618 781 679 καὶ
803 618 877 698 πρὸς
900 610 1153 699 τοὺςἝλληνοις,
1181 613 1290 688 1218
1312 617 1377 677 καὶ

262 723 406 786 nocebant
428 724 488 784 καὶ
511 720 617 804 ἑτέρων
631 728 752 786 κακῶν
775 723 837 785 καὶ
859 717 1065 806 οἰοχρῶνκοὶ
1079 721 1174 784 πάλαι
1186 721 1248 783 καὶ
1270 722 1378 783 νεωστὶ

261 832 321 892 καὶ
343 836 454 913 μικρῶν
475 831 537 891 καὶ
560 829 698 913 μεγάλων
722 823 815 893 αἰτίαν
837 832 1041 912 γεγενημένου.
1087 825 1132 892 Ut
1153 844 1230 891 vero
1254 844 1376 909 eorum,

261 953 345 1017 quae
368 933 526 1019 exposuit,
550 939 698 999 naturam
721 932 861 1000 breviter
893 931 1070 1017 describat,
1097 930 1188 997 nulla
1214 930 1377 1017 particula

261 1062 338 1109 usus
361 1047 468 1107 orator
491 1040 538 1108 sio
561 1040 736 1107 concludit:
761 1042 839 1121 §57
863 1044 1041 1127 τοοαὺτην
1064 1044 1298 1127 οωρροσίννην
1320 1044 1376 1105 καὶ

261 1152 342 1222 δέος
365 1146 384 1235 ἡ
407 1152 520 1215 rubroc
537 1148 629 1235 ἀρετὴ
649 1160 738 1214 πᾶσιν
759 1146 928 1232 ἀνθρώποις
941 1158 1091 1234 παρεῖχεν.
1115 1144 1158 1212 ὧν
1180 1145 1289 1212 ἕνεκα
1310 1146 1377 1231 δεῖ,

263 1258 312 1340 12,
328 1258 370 1322 84
384 1265 557 1322 τοσοῦτον
571 1254 591 1342 ἢ
605 1252 692 1343 ὑμῶν
714 1260 1008 1343 καταπεφρόνερεν
1022 1252 1043 1340 ἢ
1058 1253 1168 1337 §cepoe
1181 1254 1374 1319 πεπίστευ-

260 1384 322 1429 κεν.
377 1360 424 1429 ὧν
466 1361 641 1451 ἀμφοτέρων
678 1360 778 1434 ἄξιον
824 1360 863 1427 cf.
900 1362 999 1445 33st
1046 1358 1094 1425 ὧν
1128 1359 1242 1427 ἕνεκα
1278 1359 1373 1434 ἐλπίς.

262 1468 328 1535 Sed
360 1468 459 1534 multo
492 1467 688 1552 frequentius
730 1468 764 1533 in
805 1466 863 1533 tali
899 1466 1046 1552 proxima
1081 1466 1288 1533 adiunctione
1323 1474 1377 1533 est

261 1575 328 1644 ἀνθ’
350 1574 392 1642 ὧν
416 1578 436 1656 ξ
456 1577 507 1643 66.
555 1578 582 1659 1,
597 1577 649 1643 33.
677 1576 725 1659 12,
740 1575 792 1659 94,
816 1576 867 1642 96.
891 1577 943 1659 21,
956 1575 1008 1640 25.
1052 1570 1374 1658 1105111ορ11.

261 1682 357 1749 Haud
380 1682 571 1749 mediocrem
594 1682 698 1748 locum
721 1682 755 1747 iu
778 1680 898 1766 Lysiae
926 1680 1128 1766 expositione
1155 1686 1244 1746 tenet
1269 1679 1378 1764 ligura

260 1789 318 1856 illa
340 1789 556 1869 subiectionis,
581 1809 645 1873 qua
668 1787 723 1854 ille
742 1787 1038 1873 gravioribnslocis
1051 1787 1289 1873 praecipueque
1313 1788 1379 1854 sub

260 1897 355 1963 finem
378 1895 507 1963 dicendi
531 1895 747 1963 dubitationes
772 1894 835 1962 sibi
862 1895 926 1980 ipsi
958 1894 1127 1980 oppositas
1158 1894 1277 1961 resedit
1303 1914 1375 1960 ora-

261 2004 442 2088 tionemque
479 2003 592 2069 incitat
630 2009 726 2086 atque
763 2008 869 2068 ornat:
907 2006 928 2083 6
963 2005 1013 2069 14.
1062 2004 1110 2087 10,
1143 2004 1196 2069 23.
1243 2004 1292 2087 12,
1320 2003 1375 2068 40.

262 2113 314 2195 24,
338 2114 389 2177 24.
446 2112 497 2196 30,
525 2114 578 2195 26,
606 2112 657 2178 21.
703 2111 754 2194 31,
787 2111 839 2194 24,
872 2110 923 2176 25.
977 2109 1091 2193 Neque
1121 2128 1197 2175 vero
1228 2108 1311 2175 baec
1341 2110 1376 2173 in

261 2217 426 2303 epitaphio
463 2216 567 2303 figura
612 2222 668 2282 aut
703 2237 762 2302 por
798 2236 835 2282 so
870 2222 941 2296 aut,
974 2215 1061 2299 quod
1092 2215 1222 2300 quidem
1253 2216 1376 2301 Lysiae

260 2326 399 2392 maxime
421 2325 584 2412 proprium
608 2331 671 2409 est,
693 2323 905 2391 membrorum
933 2322 1166 2407 aequabilitate
1193 2330 1227 2389 01
1252 2323 1376 2391 maiore

260 2453 390 2500 numero
414 2439 479 2499 tam
504 2431 678 2517 conspicua
700 2430 828 2497 videtur
851 2450 1039 2514 essequam
1062 2450 1121 2498 suo
1137 2431 1231 2515 quasi
1254 2431 1375 2497 vestitu

261 2540 422 2623 totiusque
445 2539 533 2605 illius
556 2538 619 2604 looi
641 2538 703 2603 hac
727 2537 837 2623 specie
865 2558 905 2603 ac
936 2537 1053 2604 format
1085 2547 1161 2611 πῶς
1188 2537 1213 2603 δ’
1244 2535 1377 2612 αὖτοὺς

261 2652 332 2734 χρὴ
355 2647 442 2733 λῆξαι
469 2659 523 2733 τῆς
552 2648 663 2733 lberam
692 2644 933 2730 πότερον-ἀλλά
956 2642 1111 2731 (0011011
1145 2643 1233 2711 ὅταν
1263 2643 1376 2732 ὁρῶσι

261 2756 344 2826 τοὺς
366 2756 539 2840 μὲν-τοὺς
558 2756 604 2829 δὲ,
628 2754 679 2831 28,
704 2755 724 2818 2
747 2761 820 2825 πῶς
843 2749 965 2825 αὐτοῖς
988 2756 1058 2839 χρὴ
1082 2757 1261 2838 camdeno
1283 2752 1374 2839 ἔχειν,

261 2860 345 2928 ὅταν
369 2859 479 2946 ὁρᾶτε
503 2864 568 2933 τὰς
593 2860 883 2946 ρὲν-τοὶντοοςδέ.
909 2857 1079 2925 Tumvero
1104 2857 1375 2927 eodemilloloeo

261 2968 363 3034 oratio
374 2966 577 3034 continuatur
587 2966 957 3051 gravissimaverborum
971 2964 1185 3051 adiunctione,
1201 2986 1266 3049 qua
1280 2967 1376 3049 quasi

262 3074 309 3141 sio
322 3073 449 3141 demum
462 3094 540 3140 vera
553 3074 721 3159 responsio
736 3072 781 3139 ad
794 3092 843 3158 ea,
867 3093 950 3157 quae
963 3071 1178 3158 praecedunt,
1193 3072 1375 3139 inchoatur:

261 3184 282 3262 ὅ
307 3184 467 3269 1010101
491 3178 517 3247 δ’
541 3180 583 3248 ἄν
606 3205 664 3268 μοι
690 3184 900 3267 δοκοῦμεν·
915 3179 1077 3246 ἀποδοῦναι
1103 3188 1205 3267 χάριν,
1233 3186 1266 3246 01
1292 3180 1375 3246 haec

260 3288 333 3373 ipsa
356 3287 438 3355 ratio
461 3288 565 3354 locum
587 3287 685 3355 habet
707 3294 782 3372 post
805 3286 1037 3353 subiectionem
1062 3289 1112 3367 12,
1135 3289 1180 3353 40
1204 3298 1263 3354 πᾶν
1286 3284 1312 3352 b*
1337 3287 1376 3354 ἄν

263 3417 323 3482 μοι
346 3397 444 3478 bosci
467 3396 629 3481 τολμῆσαι,
654 3392 693 3460 cf.
719 3396 769 3479 12,
793 3391 1008 3460 duodenarios
1036 3395 1072 3458 δέ
1099 3416 1158 3481 μοι
1185 3396 1373 3481 δοκοῦμεν.

260 3502 333 3567 Jam
355 3520 432 3567 vero
456 3501 488 3565 10
512 3500 681 3567 affectibus
705 3499 944 3567 commovendis
972 3506 1070 3585 atque
1096 3501 1375 3568 commiseratione

261 3607 455 3694 proferenda
485 3608 603 3693 Lysias
635 3607 723 3673 haud
759 3607 932 3675 mediocris
962 3608 1081 3674 artifex
1112 3607 1281 3675 habendus
1314 3615 1374 3677 001.

262 3715 341 3782 Cum
364 3721 471 3782 autem
492 3716 598 3799 magis
622 3715 691 3782 eius
705 3717 869 3802 proprium
882 3716 926 3782 sit
947 3715 981 3782 in
1001 3716 1042 3782 iis
1060 3715 1229 3783 affectibus
1242 3716 1375 3802 versari,

261 3821 377 3906 quibus
414 3822 512 3887 animi
547 3821 709 3887 hominum
741 3823 930 3907 mitigantur
962 3819 1084 3910 (ἦθος),
1125 3842 1223 3906 quam
1257 3822 1291 3889 in
1323 3823 1375 3909 iis,

265 3928 381 4013 quibus
405 3929 604 3995 concitantur
627 3927 767 4017 (πάθος),
791 3930 895 3996 oratio
918 3929 992 4014 ipsa
1013 3930 1047 3994 in
1073 3929 1136 3995 hac
1157 3950 1193 3996 re
1214 3930 1302 3997 mitis
1324 3939 1376 3996 est

263 4056 302 4101 ao
324 4035 453 4121 placide
476 4034 546 4101 fluit
573 4056 677 4120 neque
705 4035 802 4102 facile
828 4037 862 4103 iu
888 4036 1158 4120 interrogationes
1184 4043 1241 4103 aut
1267 4037 1373 4104 excla-

261 4142 420 4209 mationes
445 4162 481 4209 00
495 4142 622 4209 attollit.
668 4140 762 4221 Quae
780 4142 910 4227 quidem
930 4143 1161 4210 sententiarum
1173 4143 1297 4227 figurae
1312 4144 1375 4209 0101

261 4250 294 4315 10
318 4249 481 4335 epitaphio
504 4250 578 4334 ipso
600 4250 758 4335 potiorem
781 4249 941 4334 quendam
963 4249 1069 4317 locum
1081 4270 1240 4336 occupare
1263 4248 1373 4317 viden-

261 4363 326 4441 tur,
349 4363 457 4423 tamen
481 4356 522 4424 de
545 4356 608 4423 hac
635 4378 671 4425 re
700 4378 773 4423 oum
801 4356 957 4423 orationis
985 4377 1102 4441 genere
1131 4363 1229 4441 atque
1256 4362 1374 4423 natura

263 4462 344 4529 satis
367 4470 572 4550 excusentur,
605 4471 671 4531 tum
704 4468 815 4531 omues
844 4484 1020 4548 saueqnam
1053 4464 1209 4549 exemplis
1242 4464 1374 4550 probari
