3034 5067
802 379 822 443 8

252 572 317 639 dici
352 592 451 658 posse
486 569 613 639 videtur
649 571 683 637 in
718 579 829 639 nostro
863 578 990 640 oratore
1023 573 1116 658 qnasi
1148 574 1212 641 duo
1243 594 1365 660 genera
1489 631 1493 637 .

251 677 392 764 dicendi,
426 678 568 745 Siculum
597 684 629 745 et
656 678 812 765 Atticum,
845 678 1041 747 confluxisse
1068 686 1166 765 atque
1194 682 1364 750 coaluisse.

249 786 335 853 Nam
367 805 561 870 quamquam
593 806 661 873 eae,
694 806 778 870 quae
810 807 894 853 nune
926 786 996 853 1111
1029 795 1167 868 exstant,
1201 789 1364 855 orationes

250 892 420 961 iudiciales
448 894 578 979 proprio
609 893 684 960 fueu
711 893 863 978 fastuque
887 899 1009 979 carent,
1041 900 1150 961 tamen
1176 893 1210 960 id
1232 894 1365 961 multum

251 1001 356 1085 refert,
371 1007 476 1066 utrum
488 1000 606 1085 Lysias
626 1006 791 1086 tamquam
810 1020 873 1067 nno
892 1000 1014 1086 impetu
1033 1000 1141 1067 omnia
1158 1000 1218 1067 illa
1235 1001 1365 1069 dicendi

251 1106 388 1173 artificia
415 1106 570 1173 abiecerit
597 1127 701 1192 neque
728 1107 828 1174 ullum
855 1107 1029 1191 vestigium
1056 1128 1166 1174 eorum
1192 1108 1365 1193 reliquerit,

252 1235 295 1279 an
321 1214 409 1279 illius
434 1212 612 1280 Siculorum
639 1212 832 1299 disciplinae
862 1214 1007 1299 artisque
1033 1214 1084 1281 vis
1110 1214 1144 1279 in
1167 1213 1365 1281 demonstra·
1401 1279 1403 1284 .

254 1320 320 1387 tivo
337 1321 453 1387 saltem
476 1320 544 1387 eius
569 1340 688 1403 genere
702 1321 776 1406 plus
789 1319 929 1387 valuerit
950 1321 1003 1386 vel
1027 1320 1125 1387 etiam
1137 1322 1364 1407 praevaluerit.

251 1428 302 1493 De
325 1447 389 1511 qua
411 1446 447 1493 re
461 1428 608 1511 quamvis
632 1433 719 1495 certo
743 1428 777 1493 in
791 1428 976 1494 universum
991 1434 1188 1513 compertum
1210 1428 1252 1495 sit
1267 1435 1365 1513 atque

252 1534 285 1600 in
307 1534 424 1619 vulgus
448 1540 584 1619 constet,
612 1540 721 1601 tamen
749 1532 791 1601 de
813 1536 965 1621 pergravi
991 1535 1062 1601 loco
1091 1533 1154 1603 duo
1182 1534 1366 1621 gravissimi

253 1640 456 1725 antiquitatis
479 1648 628 1708 auctores
651 1643 733 1708 inter
756 1662 793 1709 se
816 1642 1019 1711 dissentiunt.
1065 1643 1148 1711 Nam
1171 1662 1243 1708 cum
1262 1642 1366 1709 Theo·

252 1747 405 1834 phrastns
441 1747 531 1814 illam
562 1746 683 1833 Lysiae
716 1750 894 1815 orationem
929 1768 988 1836 pro
1020 1749 1127 1834 Nicia,
1163 1756 1199 1815 11
1230 1750 1365 1836 videtur,

254 1853 458 1921 declamandi
495 1874 595 1921 causa
617 1856 771 1940 scriptam
793 1856 970 1941 respiciens
992 1856 1067 1922 huic
1090 1856 1209 1922 oratori
1235 1855 1366 1923 nimiam

253 1962 500 2029 ostentationem
525 1963 694 2047 opprobrio
711 1962 844 2030 fecisset
865 1962 1019 2047 illamque
1036 1963 1268 2047 aequalitatem
1291 1984 1365 2030 eon·

255 2069 501 2153 sonantiamque
515 2071 726 2137 membrorum
741 2071 911 2157 increpans
935 2071 1078 2156 ineptam
1092 2077 1189 2155 atque
1206 2071 1365 2156 poematis

253 2176 356 2243 instar
378 2175 574 2263 vocavisset,
597 2176 809 2263 Dionysius¹)
833 2178 895 2245 hoo
918 2177 958 2244 de
981 2178 1083 2262 Lysia
1104 2176 1364 2247 iudiciumvehe-

253 2290 377 2350 menter
390 2284 558 2370 impugnat
572 2284 748 2351 orationem
762 2285 852 2351 illam
866 2285 897 2351 ei
910 2284 1110 2353 abiudicans.
1147 2285 1365 2371 Reprehensio

258 2390 364 2457 severi
386 2389 571 2477 philosophi
593 2392 670 2459 licet
697 2391 774 2457 ferri
800 2392 917 2478 possit,
949 2391 1057 2459 rhetor
1083 2392 1117 2458 in
1143 2392 1206 2459 hae
1231 2411 1267 2459 re
1288 2391 1366 2459 mihi

256 2496 383 2581 quidam
398 2500 496 2564 multo
512 2498 655 2566 severius
670 2497 836 2566 iudicasse
849 2498 984 2585 videtur,
1007 2519 1104 2583 qnam
1127 2505 1162 2564 ut
1184 2498 1215 2565 ei
1232 2519 1367 2567 necesse
1499 2511 1505 2535 ’

257 2611 344 2671 11111
374 2605 464 2670 illam
496 2604 763 2673 declamationem
792 2606 913 2691 Lysiae
944 2606 1112 2689 abrogare.
1165 2607 1250 2675 Nam
1280 2605 1366 2690 quod

256 2711 300 2777 ad
323 2712 551 2779 antithetornm
573 2733 666 2779 usum
689 2711 819 2795 attinet,
847 2733 953 2779 nonne
974 2712 1026 2780 his
1049 2713 1244 2779 ornamentis
1271 2712 1366 2780 huius

256 2818 393 2885 oratoris
417 2818 514 2885 dictio
539 2818 637 2887 etiam
659 2820 693 2884 in
715 2820 862 2887 omnibns
886 2820 942 2906 iis,
972 2840 1056 2904 quae
1079 2825 1221 2906 exstant,
1249 2820 1365 2885 oratio-

256 2924 349 2993 nibus
386 2926 479 3011 quasi
514 2926 639 2993 intexta
673 2928 744 2993 est?
796 2926 888 3004 Quae
925 2926 1054 3011 quidem
1090 2947 1296 3013 quamquam,
1331 2934 1368 2992 ut

256 3030 390 3099 Photins
405 3030 430 3120 2)
455 3032 628 3119 confirmat,
651 3040 804 3099 nontam
827 3054 867 3101 ex
889 3033 1047 3100 industria
1069 3033 1146 3100 fieta
1161 3034 1311 3118 laetaque
1334 3039 1367 3099 et

256 3137 300 3204 ad
315 3138 565 3207 ostentationem
587 3140 766 3225 composita
789 3146 864 3207 sunt
886 3160 982 3223 quam
1004 3160 1088 3229 quae
1111 3161 1151 3206 ex
1166 3141 1261 3207 rebus
1284 3139 1367 3226 ipsis

256 3246 347 3315 nasci
373 3253 584 3331 naturamque
611 3248 702 3331 sequi
729 3246 912 3331 videantur,
953 3253 1061 3314 tamen
1086 3246 1279 3332 Blassius,³)
1310 3246 1366 3329 qui

257 3352 385 3437 quidem
408 3354 480 3439 ipse
502 3373 560 3439 pro
586 3354 745 3420 sententia
768 3353 920 3441 Dionysii
942 3353 1167 3439 Theophrasto
1194 3352 1365 3437 obloquen-

256 3461 299 3527 tis
332 3460 449 3526 aeriter
479 3466 615 3547 pugnet,
646 3460 715 3527 iure
742 3461 888 3548 miratur,
920 3460 1007 3545 quod
1038 3461 1090 3527 hic
1117 3460 1238 3545 Lysiae
1269 3458 1367 3526 iudex

255 3568 345 3634 illam
368 3566 517 3634 aPhotio
541 3574 819 3635 commemoratam
842 3567 937 3635 huius
956 3568 1094 3634 oratoris
1116 3574 1182 3632 tam
1203 3567 1366 3652 propriam

256 3674 412 3740 rationem
435 3672 518 3741 adeo
537 3695 602 3740 non
623 3675 657 3740 in
671 3695 801 3741 censum
815 3674 988 3743 vocaverit
1034 3672 1142 3752 Quare
1165 3674 1233 3740 inre
1246 3693 1367 3758 ponere

257 3782 410 3848 debemus
433 3780 623 3867 Dionysium
652 3783 721 3850 sive
743 3781 841 3848 nimio
864 3782 985 3866 Lysiae
1013 3779 1120 3847 studio
1144 3776 1274 3848 ductum
1297 3780 1367 3847 sive

257 3887 362 3971 magis
377 3889 561 3973 elegantiae
580 3909 676 3974 quam
698 3888 855 3955 historiae
871 3888 1015 3954 rationes
1030 3895 1174 3954 secutum
1186 3888 1366 3973 benignius,

256 4017 353 4081 quam
374 4016 435 4083 par
458 4002 540 4081 erat,
571 3995 655 4063 huno
685 4001 844 4062 oratorem
871 3995 905 4061 in
931 3995 990 4061 illa
1016 4014 1051 4062 re
1077 3993 1284 4065 iudicavisse.
1330 3995 1366 4061 Si

256 4109 365 4170 autem
395 4102 456 4169 hoc
488 4103 534 4169 ita
566 4123 602 4169 se
633 4102 731 4169 habet
762 4109 861 4186 atquo
892 4122 963 4167 cum
993 4102 1120 4168 omnino
1142 4103 1264 4187 Lysiae
1294 4122 1367 4168 cnm
1394 4108 1399 4111 '

258 4209 369 4277 schola
392 4209 502 4275 Sicula
524 4209 673 4293 cognatio
697 4208 854 4295 principio
877 4208 977 4274 artior
1000 4209 1101 4278 inisse
1123 4207 1277 4296 putanda,
1299 4216 1366 4275 tum

256 4316 314 4382 illa
337 4316 440 4382 oratio
463 4336 521 4402 pro
543 4316 638 4385 Nicia
661 4316 783 4401 scripta
809 4336 845 4383 re
866 4336 945 4383 vera
971 4316 1112 4401 genuina
1134 4315 1284 4385 habenda
1306 4322 1367 4403 est,

257 4424 469 4435 *νὴ-

330 4456 352 4528 ¹)
371 4459 412 4515 De
429 4459 490 4529 Lyn.
511 4456 553 4521 14,
573 4486 605 4497 -
627 4455 649 4525 ¹)
668 4457 811 4515 0111262.
830 4487 864 4498 -
885 4456 910 4525 ³)
925 4459 945 4513 l.
963 4459 982 4514 l.
1000 4477 1027 4529 p.
1045 4458 1107 4514 392.
