3034 5067
653 446 693 510 13

113 644 301 728 ingeniique
325 641 374 709 sui
397 646 642 707 monumentum.
687 639 735 704 Ac
763 638 847 704 siin
869 636 935 703 ullo
957 644 1101 703 veterum
1128 639 1226 724 scrip

114 758 230 835 torum,
253 756 341 817 certe
363 750 396 813 in
419 749 540 834 Lysiae
562 746 704 830 imagine
727 743 940 811 describenda
963 744 1117 830 imprimis
1130 766 1226 829 quae-

114 858 250 923 rendum
263 856 400 941 videtur,
423 854 502 939 quid
524 854 577 920 bic
600 860 708 919 orator
731 851 772 917 de
795 870 831 917 re
845 851 976 936 publica
990 850 1133 935 gerenda
1155 872 1226 919 sen·

115 965 213 1050 serit,
247 984 344 1048 quam
373 962 531 1028 rationem
565 980 671 1026 rerum
703 959 845 1025 civilium
880 965 1010 1024 secutus
1041 960 1092 1026 sit.
1144 961 1228 1028 Nam

117 1091 314 1155 quamquam
337 1070 410 1154 ipse
432 1088 605 1151 numquam
618 1066 812 1150 insigniores
825 1072 936 1150 partes
959 1065 992 1130 in
1007 1065 1139 1131 civitate
1152 1067 1228 1153 egit,
1306 1074 1309 1079 ’

117 1185 229 1243 tamen
251 1179 339 1243 vitae
362 1195 441 1242 suae
464 1172 740 1241 vicissitudinibus
768 1178 900 1238 coactus
929 1178 980 1238 est
1004 1172 1054 1238 rei
1078 1173 1228 1259 publicae
1358 1221 1360 1225 -

116 1285 398 1353 vehementissime
431 1282 560 1349 studere
591 1281 782 1367 patriaeque
817 1278 915 1345 saluti
947 1280 1123 1346 consulere.
1177 1282 1228 1347 An

116 1392 219 1477 plaga
242 1392 301 1456 illa
322 1390 443 1475 Lysiae
465 1410 486 1455 a
508 1388 643 1472 triginta
665 1387 743 1452 viris
770 1384 893 1451 inflicta
918 1406 982 1451 non
1010 1384 1069 1452 luit
1094 1406 1228 1455 necesse

116 1497 312 1583 profundam
353 1503 451 1580 atquc
487 1493 692 1561 indelebilem
728 1492 891 1576 quandam
921 1492 1164 1577 impressionem
1195 1496 1229 1561 in

117 1605 226 1671 animo
261 1605 330 1671 eius
363 1602 500 1687 relinqui
532 1600 702 1685 omniaque
735 1600 804 1666 eius
835 1600 924 1665 dicta
954 1599 1105 1684 factaque
1135 1604 1229 1685 quasi

117 1711 217 1793 plane
240 1709 390 1795 populari
414 1707 554 1792 quadam
577 1707 680 1773 forma
702 1706 848 1791 percuti?
893 1706 1021 1772 Etenim
1051 1706 1137 1773 idem
1164 1709 1228 1774 iam

119 1823 220 1882 antea
243 1822 341 1899 atque
363 1821 480 1880 natura
508 1813 630 1880 amicus
659 1812 771 1899 populi
799 1819 832 1878 et
858 1811 1057 1896 optmatium
1083 1814 1230 1882 inimicus

118 1922 234 1990 fuerat.
279 1922 329 1989 Ne
343 1921 452 2006 multa,
466 1920 585 2005 Lysias
598 1919 732 2003 triginta
744 1919 884 1984 virorum
897 1938 1070 2002 eorumque
1087 1919 1231 1987 domina·

118 2029 218 2094 tionis
241 2028 546 2095 exacerbatissimus
570 2025 778 2093 adversarius
800 2025 869 2091 fuit.
913 2025 1020 2108 Atque
1042 2046 1113 2091 cum
1136 2027 1177 2093 de
1191 2048 1230 2093 oo

118 2142 280 2221 ageretur,
312 2142 348 2200 ut
369 2134 417 2198 illi
441 2134 570 2219 tyranni
602 2132 839 2218 expellerentur
870 2131 1100 2217 imperiumque
1130 2154 1230 2220 popu·

118 2243 188 2309 larc
218 2243 458 2326 restitueretur,
494 2260 553 2327 pro
586 2240 712 2325 patriae
743 2239 893 2305 libertate
930 2258 1002 2304 eum
1033 2259 1097 2305 non
1128 2242 1231 2309 solum

118 2350 225 2434 ipsum
247 2350 281 2413 in
303 2349 374 2414 acie
397 2347 525 2413 fortiter
547 2346 711 2432 dimicare,
740 2366 850 2413 verum
873 2345 973 2411 etiam
994 2346 1125 2414 ultimas
1154 2368 1231 2415 suas

122 2456 269 2522 fortvmas
292 2456 325 2521 in
349 2454 520 2522 discrimen
548 2454 663 2520 offerre
689 2452 846 2520 videmus.
891 2452 962 2518 Hoc
993 2453 1092 2536 igitur
1121 2456 1233 2541 populi

13 2574 18 2611 ‘r
123 2562 264 2629 studium
296 2569 328 2629 et
360 2569 567 2647 tyrannorum
596 2560 705 2627 odium
736 2560 856 2645 Lysias
883 2579 947 2625 non
975 2560 1078 2627 solum
1104 2561 1138 2627 in
1164 2564 1232 2628 vita

122 2690 183 2735 sua
205 2669 340 2736 consilio
364 2675 397 2736 et
418 2689 453 2735 re
475 2669 645 2754 praestitit,
669 2666 728 2733 sed
751 2666 849 2733 etiam
871 2667 905 2731 in
928 2667 1004 2752 suis,
1028 2688 1109 2751 quas
1133 2670 1231 2755 scrip

123 2776 179 2861 sit,
213 2776 412 2842 orationibus
448 2775 651 2861 apertissime
688 2780 787 2858 atque
822 2772 1034 2841 disertissime
1063 2778 1232 2861 expressit.

123 2880 209 2959 Quin
233 2883 330 2949 etiam
355 2883 426 2968 ipse
442 2902 564 2966 suoque
586 2882 714 2948 nomine
735 2881 787 2947 bis
804 2880 919 2947 saltem
933 2880 1117 2949 adiumento
1132 2883 1231 2949 facul·

122 2990 201 3056 tatis
239 2990 400 3055 oratoriae
431 3009 509 3055 usus
541 3008 600 3073 pro
635 2987 740 3054 salute
775 2988 902 3073 patriae
934 2995 1047 3054 contra
1077 2996 1231 3074 tyrannos

123 3096 350 3181 propugnavit
375 3096 508 3178 eiusque
531 3094 634 3160 oratio
658 3092 850 3159 duodecima
863 3092 999 3179 perinde
1021 3101 1117 3178 atque
1132 3096 1231 3181 olym-

122 3203 237 3287 piacus
259 3201 520 3287 praeclarissima
542 3207 618 3268 sunt
644 3200 830 3269 testimonia
856 3207 890 3265 et
916 3199 1107 3267 documenta
1133 3203 1231 3268 animi

124 3309 194 3375 eius
216 3308 383 3393 popularis
396 3315 495 3392 atque
517 3308 551 3373 in
573 3328 698 3373 omnem
712 3306 961 3373 dominationem
973 3306 1099 3375 infensi.
1137 3306 1232 3383 Quod

122 3417 154 3483 'si
175 3415 250 3481 hinc
272 3415 332 3482 has
347 3416 466 3501 Lysiae
486 3414 622 3481 virtutes
645 3414 844 3500 respicimus,
867 3413 955 3481 illinc
976 3414 1052 3483 illas
1074 3415 1108 3481 in
1131 3418 1232 3502 epita·

124 3521 200 3607 phio
224 3522 383 3605 imagines
407 3521 619 3608 exemplaque
642 3521 761 3587 amoris
784 3521 920 3606 patriae,
942 3521 1102 3589 libertatis
1125 3523 1232 3610 studii,

125 3628 308 3695 dominatus
344 3628 425 3713 odii,
472 3635 538 3694 tum
574 3648 650 3694 vero
686 3626 776 3693 illam
807 3627 1023 3713 popularium,
1061 3650 1081 3694 a
1117 3631 1233 3713 quibus

124 3736 180 3802 ille
217 3736 288 3821 ipse
330 3740 465 3803 steterat
502 3741 534 3801 et
561 3740 781 3820 pugnaverat,
827 3734 1104 3819 praedicationem
1140 3756 1232 3824 repu

125 3848 244 3927 tamus,
273 3862 348 3907 num
375 3840 575 3927 praeclarius
602 3849 659 3908 aut
685 3842 780 3908 huius
808 3838 945 3909 oratoris
979 3843 1077 3908 animi
1107 3844 1233 3911 indoles

126 3949 308 4015 confirmari
330 3953 427 4033 atque
442 3950 535 4033 quasi
559 3948 702 4034 suppleri
725 3955 782 4014 aut
794 3949 844 4013 illi
857 3948 995 4015 orationi
1008 3950 1064 4016 lux
1079 3957 1112 4016 et
1124 3957 1232 4017 aucto·

125 4056 205 4123 ritas
229 4056 337 4122 afferri
358 4063 475 4142 potest,
498 4076 594 4140 quam
618 4056 647 4123 si
670 4074 741 4122 eam
765 4057 807 4122 ab
829 4056 886 4122 illo
909 4057 1120 4143 compositam
1142 4058 1231 4143 poni·

126 4183 196 4231 mus
225 4168 259 4229 et
286 4163 481 4230 conicimus?
535 4164 585 4230 Ne
616 4162 710 4249 plura
742 4163 856 4248 dicam,
888 4164 1152 4231 verisimillimum
1183 4171 1234 4231 est

126 4270 247 4336 nullum
269 4269 368 4336 alium
395 4290 490 4354 quam
512 4270 645 4355 Lysiam
672 4270 791 4356 ipsum,
813 4270 933 4355 quippe
965 4270 1020 4354 qui
1051 4271 1085 4336 in
1117 4271 1234 4337 ceteris

127 4376 326 4443 orationibus
348 4396 450 4460 usque
474 4396 600 4461 quaque
627 4376 784 4462 populare
810 4377 977 4462 imperium
999 4377 1137 4462 illosque
1163 4379 1234 4444 eius

126 4488 383 4570 propugnatores
407 4483 538 4550 summis
552 4483 666 4549 efferat
679 4483 838 4569 laudibus,
860 4484 893 4548 in
911 4484 1076 4569 epitaphio
1092 4485 1233 4551 occasio-
