3034 5067
686 459 703 523 7

585 541 797 558 ——w———n-—4

133 650 299 717 orationis·
327 650 400 735 ipse
438 657 703 735 argmentaque,
740 650 892 734 quoniam
927 672 990 718 non
1027 650 1070 715 ad
1102 651 1247 716 altiorem

133 755 296 840 quandam
319 758 476 823 rationem
497 764 650 824 revocata
680 763 753 823 sunt
781 757 929 841 omnique
958 758 1109 823 interiore
1136 764 1247 824 carent

133 862 275 949 vinculo,
303 863 538 947 quodammodo
568 866 619 930 sui
648 884 795 949 quaeque
822 863 903 931 iuris
926 871 1001 931 sunt
1022 871 1151 948 tamque
1173 865 1248 929 laxe

10 988 12 997 '¹
135 970 333 1036 extrinsecus
370 991 496 1055 quoque
531 971 615 1037 inter
651 991 686 1037 se
724 970 910 1057 cohaerent,
947 979 983 1037 ut
1019 972 1113 1055 quasi
1146 970 1248 1037 dilabi
1328 1022 1330 1024 »

134 1076 315 1145 videantur.
377 1078 471 1144 Certe
508 1077 587 1144 solis
623 1078 688 1144 illis
726 1098 916 1163 semperque
953 1078 1109 1145 similibus
1145 1083 1247 1144 trans-

134 1183 302 1267 grediendi
325 1184 493 1270 particulis
517 1191 660 1251 extrema
687 1191 810 1251 tantum
834 1186 972 1252 annexio
995 1186 1135 1271 partium
1163 1184 1248 1249 effici

133 1296 249 1375 potest.
296 1289 368 1369 Qua
400 1290 441 1357 de
471 1312 585 1377 causa,
617 1291 714 1376 idque
738 1292 832 1358 Plato
843 1293 868 1376 ¹)
901 1291 943 1358 de
972 1290 1091 1358 crotico
1118 1290 1248 1375 quidem

135 1404 247 1484 aperte
280 1397 454 1483 significat,
487 1399 616 1482 singula
649 1403 853 1485 argumenta,
885 1398 949 1465 nisi
981 1398 1063 1465 forte
1095 1399 1248 1483 temporis

135 1504 247 1572 ordine
267 1506 475 1591 continentur,
499 1505 542 1571 ad
555 1505 722 1572 libidinem
741 1506 825 1572 iuter
844 1526 880 1573 se
893 1506 1099 1572 transmutari
1112 1504 1248 1591 possint,

134 1618 169 1677 ut
191 1612 250 1678 toti
273 1612 320 1679 rei
342 1612 422 1678 nihil
446 1611 614 1680 officiatur.
660 1612 744 1680 Huic
767 1613 865 1697 igitur
893 1612 1031 1699 simplici
1054 1614 1152 1697 atque
1176 1611 1247 1677 illa-

135 1720 268 1786 boratae
299 1743 340 1788 ne
373 1720 479 1787 dicam
510 1721 583 1787 rudi
615 1721 809 1807 disponendi
842 1728 874 1789 et
905 1722 1099 1789 annectendi
1130 1721 1248 1787 rationi

136 1826 280 1894 subiecta
309 1834 359 1895 est
385 1834 451 1895 tam
474 1827 628 1896 historica
656 1829 714 1895 illa
736 1848 840 1895 rerum
865 1829 948 1895 silva
971 1829 1129 1915 epitaphii
1152 1848 1248 1912 quem

117 1926 308 2001 'dialectice
343 1935 495 2003 materies
533 1935 653 2003 erotici.
704 1935 790 2015 Quin
826 1937 924 2003 etiem
962 1957 1064 2021 genus
1095 1936 1247 2003 iudiciale

135 2041 222 2107 illius
259 2042 386 2109 solutae
418 2048 675 2127 argumentorum
708 2044 897 2110 annexionis
934 2041 1031 2111 valde
1061 2043 1247 2109 memoriam

136 2149 255 2214 excitet
291 2155 387 2233 atque
422 2149 456 2214 in
492 2150 636 2215 oratione
671 2150 837 2233 Agoratea
873 2150 1028 2236 optimum
1068 2149 1163 2216 huius
1200 2150 1247 2223 rei

137 2256 316 2342 exemplum
338 2257 481 2342 praebet.
514 2256 663 2340 Denique
687 2257 838 2340 qnoniam
859 2256 978 2341 Lysias
1000 2257 1034 2322 in
1057 2256 1247 2342 exponendo

135 2363 278 2429 erebus
306 2362 405 2429 ordiri
433 2365 528 2449 solet,
561 2383 695 2430 necesse
723 2370 774 2431 est
800 2364 834 2429 in
861 2364 931 2431 eius
959 2364 1156 2430 orationibus
1180 2363 1248 2430 fero

135 2469 320 2536 historicum
348 2471 539 2537 elementum
566 2471 767 2557 praevaleat,
801 2471 982 2554 generalior
1009 2477 1117 2537 autem
1145 2471 1246 2537 oonsi-

4 2570 12 2619 t
134 2574 270 2641 derandi
302 2583 399 2661 atque
432 2578 677 2661 argumentandi
704 2568 793 2644 ⁸ratio
824 2578 898 2664 plus
930 2578 1075 2645 minusve
1106 2578 1246 2645 recedat.
1345 2610 1348 2615 ·

135 2684 181 2749 Ao
204 2684 471 2767 quemadmodum
494 2692 602 2751 orator
627 2686 661 2749 in
688 2705 807 2769 genere
834 2684 978 2751 iudiciali
1005 2684 1048 2751 ad
1076 2706 1128 2752 res
1155 2686 1246 2771 ipsas

135 2812 171 2857 se
194 2792 339 2877 applicat
366 2792 398 2857 in
426 2793 467 2859 iis
496 2791 685 2859 enarrandis
713 2791 855 2859 breviter
877 2798 1000 2858 tantum
1029 2799 1061 2859 et
1084 2799 1246 2876 tamquam

135 2897 251 2964 furtive
282 2906 510 2983 argumentans
547 2906 645 2984 atque
680 2899 895 2985 persuadens,
928 2899 981 2965 sic
1016 2899 1049 2963 in
1081 2898 1246 2985 epitaphio

134 3024 260 3088 quoque
284 3004 379 3073 fectis
402 3008 556 3073 maiorum
579 3006 769 3073 enarrandis
792 3006 964 3072 maximam
986 3012 1112 3091 partem
1134 3006 1245 3072 tribuit

134 3112 218 3177 inter
245 3132 302 3179 ees
331 3114 465 3180 strictim
497 3121 529 3180 et
556 3114 650 3197 qnasi
681 3134 741 3199 per
768 3119 974 3179 transennam
1002 3111 1121 3180 docens
1149 3120 1247 3197 atquc

136 3217 317 3285 exhortans.

120 3369 123 3377 -
203 3324 474 3410 Compositionem
485 3326 642 3413 epitaphii
656 3332 692 3393 ut
705 3332 792 3393 recte
802 3325 947 3393 iudicare
961 3332 1059 3410 atque
1073 3326 1247 3393 aestimare

135 3431 310 3517 possimus,
337 3432 491 3500 historica
520 3432 759 3519 contemplandi
786 3432 870 3498 ratio
899 3433 992 3500 nobis
1019 3432 1147 3499 videtur
1174 3452 1246 3499 esse

135 3537 356 3622 ingredienda.
388 3541 436 3606 Ac
449 3541 567 3625 Lysias
591 3541 624 3605 in
647 3548 801 3608 nascente
825 3546 857 3605 et
880 3547 1044 3607 arescente
1064 3541 1248 3625 eloquentia

135 3645 244 3711 Attica
266 3646 376 3712 neseio
400 3668 494 3731 quam
519 3648 713 3732 singularem
737 3670 777 3713 ac
790 3648 997 3733 praecipuum
1019 3648 1124 3713 locum
1148 3653 1246 3714 tenet.

134 3752 218 3820 Nem
232 3773 425 3838 quamquam
447 3755 531 3821 inter
553 3775 663 3822 omnes
679 3761 806 3821 constat
827 3753 912 3820 hunc
934 3761 1093 3820 oratorem
1107 3754 1243 3840 primum

135 3858 322 3944 simpliciori
345 3860 477 3927 dictioni
501 3882 631 3947 operam
654 3860 785 3927 dedisse
808 3868 905 3945 atque
928 3860 1011 3927 adeo
1032 3861 1133 3946 illius,
1162 3860 1247 3945 quod

136 3964 282 4032 omnibus
308 3973 418 4032 notum
446 3975 508 4053 est,
535 3967 697 4035 iudicialis
727 3968 855 4052 generis
883 3974 1046 4034 auctorem
1074 3966 1246 4053 exstitisse,

135 4078 245 4138 tamen
270 4094 335 4139 non
361 4075 466 4141 minus
496 4096 555 4161 pro
584 4083 671 4143 certo
700 4080 766 4142 stat
794 4075 930 4142 eundem
957 4075 1099 4159 Gorgiae
1127 4081 1246 4141 cetero-

135 4200 269 4264 rumque
293 4180 471 4248 Sioulorum
499 4182 672 4269 disciplina
702 4183 856 4249 imbutum
879 4182 992 4268 fuisse,
1020 4182 1074 4267 qui
1103 4182 1246 4249 elabora·

135 4294 250 4353 verunt
273 4287 306 4352 in
329 4309 448 4371 genere
470 4290 526 4356 illo
551 4289 803 4357 demonstrativo
826 4289 870 4356 ad
894 4289 1141 4356 ostentationem
1164 4309 1246 4354 com-

4 4430 5 4433 =
135 4400 251 4481 parato
274 4402 372 4479 atque
385 4396 512 4482 poetico
536 4397 676 4481 quodem
690 4398 797 4465 colore
811 4396 973 4466 distincto.
1020 4395 1128 4475 Quare
1142 4416 1246 4482 paene

212 4535 234 4606 1)
252 4536 400 4608 camum,
420 4538 501 4606 aare,
519 4540 547 4594 a.
