3034 5067
796 429 816 493 6

245 624 322 707 quin
345 624 460 689 iterum
484 628 582 707 atque
605 622 719 689 iterum
742 622 943 708 appellemus
966 628 999 689 et
1017 621 1231 707 proferamus:
1255 620 1286 688 ἐν
1308 627 1359 709 pto

245 732 282 817 δὴ
305 742 365 803 τοῖς
394 729 592 803 ἐπιδεικτικοῖς
612 731 710 813 λόγοις
737 732 1008 817 μαλακώτερος·
1035 730 1201 812 pecteret
1228 733 1359 816 μὲνγὰρ

245 834 425 923 ὑψηλότερος
449 834 522 903 εἶναι
544 841 597 901 καὶ
621 838 929 923 μεγαλοπρεπέστερος
942 872 985 883 -
1001 832 1041 900 od
1064 835 1235 920 διαγείρει
1257 838 1289 901 δὲ
1310 840 1360 901 τὸν

247 943 395 1029 ἀκροατὴν
427 941 526 1029 ὥσπερ
557 942 770 1029 Ἰσοκράτης
800 942 822 1029 ἢ
848 941 1055 1030 Δημοσθένης.
1101 941 1190 1010 Nihil
1221 942 1360 1008 omnium

246 1070 351 1117 rerum
374 1048 478 1133 magis
502 1050 649 1134 congruit
672 1069 743 1116 cum
773 1069 809 1116 re
836 1049 871 1115 in
897 1057 1013 1116 natura
1039 1049 1149 1135 posita
1175 1070 1272 1133 quam
1298 1048 1360 1115 hoo

245 1155 407 1223 iudicium.
455 1154 571 1222 Orator
598 1156 632 1221 in
660 1176 778 1240 genere
804 1155 1057 1223 demonstrativo
1081 1155 1220 1221 debilior
1246 1162 1360 1240 estet,

239 1263 322 1346 ,quia
345 1262 416 1347 ipse
439 1261 473 1328 id
487 1262 594 1347 sentit,
617 1262 784 1329 sublimior
807 1268 839 1327 et
852 1261 1007 1346 grandior
1029 1281 1104 1329 esse
1125 1262 1220 1347 vult,
1243 1261 1359 1329 idest:

247 1368 333 1453 quod
346 1368 504 1436 naturalis
527 1368 648 1453 ingenii
672 1389 743 1435 eum
758 1367 877 1452 deficit,
899 1368 935 1434 id
949 1368 1043 1452 quasi
1066 1374 1137 1434 arte
1151 1388 1359 1455 compensare

248 1475 363 1542 studet
397 1459 469 1554 Qua
492 1482 599 1541 autem
623 1474 665 1542 de
688 1495 789 1542 causa
801 1474 920 1560 Lysias
943 1476 977 1541 in
999 1474 1056 1542 illo
1080 1495 1199 1559 genere
1221 1474 1361 1542 deterior

247 1580 343 1649 fuerit
369 1602 409 1648 ac
435 1582 540 1649 minus
568 1582 752 1668 profecerit,
785 1582 872 1649 idem
898 1582 954 1647 ille
981 1581 1111 1648 criticus
1138 1602 1198 1648 nos
1226 1580 1360 1668 docet¹t

248 1708 319 1755 cum
346 1688 424 1755 dicit
450 1708 523 1756 eum
552 1689 656 1773 magis
682 1689 833 1756 idoneum
860 1708 933 1755 esse
960 1687 1004 1754 ad
1030 1708 1133 1773 parva
1162 1695 1195 1754 et
1221 1688 1304 1754 mira
1326 1695 1359 1756 et

248 1794 395 1862 difficilia
409 1794 548 1861 dicenda
561 1802 696 1862 venuste
720 1815 816 1879 quam
839 1793 883 1861 ad
899 1815 1019 1880 magna
1042 1802 1075 1861 et
1097 1793 1361 1881 copiosavalide.

247 1902 318 1969 Hac
349 1922 383 1968 re
416 1909 486 1969 arte
514 1902 701 1988 continetur,
733 1902 821 1986 quod
852 1902 940 1987 apud
967 1900 1103 1967 eundern
1129 1902 1322 1987 Dionysium
1335 1902 1360 1985 ²)

249 2009 467 2076 confirmatum
490 2010 676 2095 invenimus,
699 2017 859 2076 oratorem
870 2009 986 2076 melius
1009 2009 1230 2097 solvissetis
1245 2007 1362 2076 docere

249 2123 282 2182 et
312 2116 509 2202 persuadere
546 2136 643 2201 quarn
678 2120 771 2182 πάθει
802 2136 1001 2185 commovere
1037 2123 1070 2182 et
1100 2136 1224 2202 rapere.
1283 2116 1362 2183 Cum

249 2230 357 2289 autem
396 2224 431 2289 in
480 2224 625 2291 oratione
667 2223 920 2291 demonstrativa
959 2223 1121 2308 posterius
1160 2224 1362 2309 potissimum

249 2330 420 2397 affectuum
447 2350 549 2415 genus
576 2332 709 2397 multum
735 2331 860 2416 valeat,
891 2350 1026 2396 necesse
1056 2329 1117 2397 tuit
1138 2332 1271 2416 Lysiam
1300 2332 1362 2397 hac

250 2456 377 2521 quoque
401 2436 443 2503 de
466 2457 566 2504 causa
589 2438 623 2503 in
646 2437 813 2523 epitaphio
836 2436 1019 2503 inferiorem
1042 2438 1207 2505 exsistere.

314 2543 352 2608 In
388 2541 600 2629 dispositione
637 2544 841 2629 partiumque
874 2542 1100 2610 distributione
1129 2542 1248 2629 Lysias
1284 2545 1362 2610 item

248 2648 336 2715 haud
367 2650 414 2715 ita
445 2649 573 2717 validus
605 2650 762 2718 dicendus
794 2656 853 2717 est.
899 2648 990 2728 Quae
1024 2650 1132 2717 iudice
1162 2651 1319 2736 Dionysio
1334 2651 1360 2739 ³)

249 2755 385 2843 simplex
393 2764 443 2825 est
452 2758 745 2842 atqueplerumque
754 2755 1186 2844 uniformis‚Platone⁴)vero
1197 2758 1231 2823 in
1241 2759 1361 2825 erotico

249 2862 378 2945 quidem
401 2870 488 2931 certe
508 2864 635 2931 vitiosa.
658 2864 695 2929 ln
710 2884 775 2948 qua
797 2885 833 2931 re
854 2864 916 2930 hoe
938 2865 1077 2932 cernitur
1100 2870 1132 2931 et
1154 2865 1362 2949 quassratione

250 2970 405 3055 explicari
430 2972 560 3055 potest?
605 2971 678 3038 Non
709 2971 816 3055 magis
848 2992 944 3055 quam
976 2973 1010 3037 in
1041 2991 1147 3039 rerum
1178 2971 1361 3038 inventione

249 3076 460 3164 philosophus
493 3084 601 3143 orator
634 3084 684 3145 est
715 3078 749 3143 in
780 3097 886 3144 rerum
917 3078 1131 3164 dispositione
1162 3078 1361 3145 dialecticus,

249 3185 396 3267 Namque
427 3185 513 3249 omni
544 3190 613 3250 arte
642 3183 815 3270 repudiata
846 3191 944 3268 atque
975 3186 1097 3252 reiecta
1129 3186 1199 3251 solo
1231 3184 1361 3269 ingenio

250 3291 366 3359 ductus
401 3290 435 3356 in
471 3291 660 3377 exponendo
697 3297 886 3375 argumento
921 3312 986 3357 non
1022 3292 1166 3357 rationes
1203 3289 1362 3375 quasdam

252 3398 421 3483 generales
437 3398 589 3483 sequitur,
612 3398 657 3465 ad
672 3418 754 3482 quas
769 3418 822 3466 res
837 3399 966 3484 referat,
989 3398 1049 3465 sed
1071 3419 1124 3465 ros
1147 3398 1193 3464 ita
1209 3399 1363 3466 describit

253 3511 286 3573 et
301 3512 440 3589 emanat,
462 3511 498 3571 ut
519 3506 561 3571 ab
584 3504 626 3571 iis
642 3505 770 3572 demum
790 3507 884 3590 quasi
898 3505 1047 3573 notiones
1062 3526 1244 3574 eumenes
1266 3507 1362 3573 ratio·

251 3632 373 3695 nesque
404 3618 541 3697 repetat.
593 3611 735 3680 Adhibet
767 3612 866 3697 igitur
897 3614 1069 3699 rationem,
1104 3619 1141 3679 ut
1170 3613 1218 3679 ita
1248 3613 1363 3698 dicam,

251 3718 357 3803 magis
379 3717 576 3785 inductivum
599 3725 632 3785 et
653 3718 840 3786 historicam
863 3740 959 3804 quam
977 3718 1183 3787 deductivam
1205 3726 1239 3787 et
1259 3720 1361 3805 philo·

252 3824 427 3911 sophicam.
473 3826 522 3890 lix
545 3825 607 3891 hac
630 3833 738 3892 autern
761 3826 963 3912 expositione
991 3826 1127 3911 primum
1150 3827 1363 3911 consequitur,

251 3938 288 3997 ut
316 3950 416 4017 saepe
443 3952 495 4000 res
521 3932 689 4019 proposita
716 3953 830 4018 parum
857 3952 970 4019 presse
999 3931 1134 3999 definita
1165 3953 1205 3999 ao
1233 3934 1362 3999 eircum-

253 4037 374 4123 scripta
397 4037 448 4124 sit,
470 4059 648 4125 parumque
671 4045 785 4125 aperte
808 4045 913 4106 exstet
941 4046 998 4105 aut
1021 4039 1148 4106 omnino
1172 4037 1256 4107 desit
1278 4039 1364 4125 prin·

253 4144 371 4231 cipium
385 4144 547 4228 quoddam
561 4153 659 4230 atque
683 4146 790 4231 cardo,
813 4146 932 4213 circum
946 4166 1040 4230 quem
1055 4147 1163 4213 omnia
1180 4167 1220 4213 ac
1235 4146 1364 4230 singula

253 4257 428 4336 vertantur,
451 4272 514 4336 quo
538 4253 732 4319 cohaereant
755 4260 788 4322 et
810 4254 1040 4319 contineantur.
1084 4254 1228 4321 blembra
1247 4251 1364 4319 deinde

326 4392 348 4463 ¹)
366 4395 407 4449 De
426 4395 487 4464 Lys.
508 4395 548 4450 16.
567 4424 602 4433 -
628 4393 649 4463 ²)
671 4396 728 4451 Ibd.
750 4396 791 4460 13,
813 4396 854 4449 19.
873 4424 905 4434 -
931 4393 953 4464 ⁸)
976 4396 1034 4451 lbd.
1056 4398 1096 4449 15.
1116 4424 1150 4434 -
1175 4395 1197 4461 ⁴)
1215 4394 1363 4460 Phaedrus,

253 4482 337 4551 assa,
354 4484 381 4538 b.
