3034 5067
791 373 836 437 40

260 568 355 636 simul
387 566 594 635 ostendamus
626 566 826 654 epitaphium
860 586 926 633 uon
956 566 1052 633 modo
1087 588 1152 634 nou
1183 567 1376 653 panegyrici

259 674 389 760 quidem
403 680 490 741 certe
503 674 772 760 compilationem,
796 672 855 741 sed
873 673 972 741 etiam
989 694 1100 739 verum
1113 674 1234 759 Lysiae
1253 674 1376 740 foetum

260 802 342 851 esse.
365 781 462 847 Velut
475 780 534 847 illa
543 782 626 867 ipsa,
640 802 736 865 quam
745 780 840 847 modo
851 779 1000 866 diximus,
1013 781 1256 848 Atheniensium
1269 780 1375 847 cladis

259 889 378 957 mentio
402 888 435 954 in
450 888 616 975 epitaphio
639 888 690 955 116
703 888 812 955 verbis
835 887 924 954 elata
945 895 1010 955 estt
1034 891 1113 970 §58
1136 888 1375 984 ἀπολομένων

260 1001 317 1082 γὰρ
337 1005 405 1061 τῶν
425 1007 512 1061 νεῶν
531 996 562 1062 ἐν
578 992 870 1082 Ἑλλησπόντῳ-καὶ
889 1008 1076 1083 συμφορᾶς
1096 996 1211 1083 ἐκείνης
1232 997 1376 1083 μεγίστης

260 1109 430 1191 γενομένης.
476 1102 510 1169 si
541 1123 613 1169 cum
646 1102 707 1169 hac
739 1102 901 1169 sententia
931 1122 1043 1188 parem
1075 1102 1143 1169 fere
1177 1102 1267 1169 illum
1298 1103 1319 1169 l
1350 1102 1374 1167 l.

260 1210 450 1297 panegyrici
486 1208 679 1276 conferimus
716 1214 814 1292 atque
851 1210 892 1276 ab
929 1209 1034 1275 altera
1069 1216 1163 1296 parte
1196 1209 1376 1295 incipimus,

261 1322 367 1384 utrum
402 1315 511 1401 potins
546 1315 724 1402 putandum
765 1320 816 1382 est
851 1315 1044 1382 imitatorem
1084 1316 1175 1382 illum
1209 1315 1374 1395 Isocratis,

262 1422 451 1510 panegyrici
479 1422 603 1511 ἀτυχίαν
634 1423 667 1489 16
695 1430 864 1511 συμφοράν,
895 1444 939 1489 66
966 1423 1050 1489 hunc
1077 1430 1237 1490 oratorem
1263 1429 1376 1489 666166

263 1531 531 1599 commutavisse?
568 1530 612 1595 At
633 1530 694 1615 hic,
717 1530 746 1597 si
769 1529 967 1616 epitaphium
981 1530 1161 1617 exscripsit,
1182 1530 1263 1596 nihil
1282 1528 1374 1596 aliud

263 1638 341 1723 nisi,
372 1643 408 1703 ut
439 1658 479 1704 ex
512 1636 582 1704 eius
609 1636 739 1721 quidem
767 1657 811 1703 or.
846 1640 895 1722 12,
914 1640 956 1703 99
989 1639 1032 1722 (5,
1050 1640 1106 1718 62)
1135 1637 1252 1722 616661,
1284 1657 1376 1703 sunm

264 1744 367 1831 ipsius
390 1750 487 1827 atque
501 1744 665 1830 proprium
677 1744 793 1811 lectius
806 1762 923 1813 nomen
944 1763 1003 1830 pro
1026 1743 1083 1810 illa
1097 1742 1192 1811 clade
1214 1741 1377 1829 imposuit,

265 1850 335 1936 ille,
366 1851 394 1917 si
416 1850 660 1937 panegyricum,
683 1850 836 1917 videlicet
857 1851 991 1937 Lysiam
1018 1851 1174 1918 imitando
1197 1850 1377 1937 exprimere

264 1956 374 2024 voluit
422 1958 592 2025 Enimvero
615 1958 667 2024 cui
689 1958 796 2043 magis
818 1978 916 2042 quam
937 1958 1012 2024 huie
1033 1964 1144 2026 nostro
1166 1958 1224 2024 illa
1247 1957 1377 2042 quidem

266 2064 336 2131 eius
364 2064 468 2131 eladis
495 2063 673 2151 appellatio
705 2071 740 2131 ut
772 2085 832 2132 sua
863 2064 1069 2132 attribuenda
1096 2068 1168 2133 6612
1212 2066 1296 2133 Nam
1327 2070 1378 2131 est

265 2176 394 2258 praeter
421 2175 441 2253 6
465 2173 507 2239 59
537 2172 634 2239 etiam
660 2175 709 2256 12,
728 2175 782 2240 43.
810 2174 859 2257 16,
878 2175 909 2238 4.
931 2176 983 2259 21,
1004 2176 1033 2237 9.
1056 2175 1109 2258 31,
1128 2175 1158 2240 8.
1202 2172 1272 2239 Illis
1299 2191 1376 2237 vero

266 2278 425 2366 prioribus
456 2278 544 2347 illius
575 2279 638 2345 loci
670 2279 792 2365 verbis,
823 2278 885 2346 etsi
917 2278 1005 2345 hand
1036 2279 1084 2345 ita
1112 2279 1212 2346 multo
1243 2277 1377 2365 propius

267 2384 425 2453 accedunt
447 2384 492 2451 ad
516 2388 565 2471 13,
580 2387 611 2453 5.
636 2388 723 2471 21,9
746 2405 843 2469 quam
864 2385 909 2451 ad
931 2386 973 2453 Is.
994 2390 1022 2472 7,
1036 2389 1088 2453 64.
1114 2390 1164 2471 18,
1177 2387 1220 2453 to
1244 2391 1278 2453 61
1294 2384 1377 2451 And

269 2494 363 2578 1,73,
379 2494 450 2559 142.
473 2494 503 2577 3,
517 2495 569 2578 21,
593 2492 671 2576 6616
690 2492 826 2559 similius
846 2493 982 2577 cogitari
999 2499 1108 2579 potest
1121 2514 1218 2577 quam
1232 2490 1377 2560 eiusdem
1490 2508 1499 2539 1

266 2598 314 2665 rei
337 2599 594 2666 commemoratio
618 2602 727 2685 30,10
755 2599 984 2687 ἀπολομένων
1010 2613 1079 2667 τῶν
1107 2600 1216 2666 seor?
1261 2599 1309 2665 Ac
1336 2619 1376 2665 ne

265 2704 347 2772 illud
361 2704 491 2790 quidem
512 2708 549 2772 ἐν
563 2705 789 2792 Ἑλλησπόντῳ,
813 2705 900 2790 qnod
922 2707 1031 2773 16166
1052 2728 1088 2775 ro
1101 2713 1272 2794 praeterea
1291 2709 1341 2791 16,
1356 2708 1377 2771 4

267 2819 301 2881 61
325 2816 432 2899 19,16
456 2814 596 2900 positum
618 2820 677 2899 est,
699 2813 831 2899 neglegi
853 2814 959 2901 debet,
982 2836 1054 2882 cunr
1076 2816 1175 2883 etiam
1196 2815 1377 2882 inveniatur

268 2925 348 3007 περὶ
369 2919 413 2985 Ἑ.
437 2920 478 2987 Is.
501 2923 532 3006 5,
546 2924 589 2987 62
613 2928 645 2986 61
669 2925 698 3006 7,
713 2924 767 2987 64.
812 2920 879 2988 Sed
900 2921 963 2987 hac
985 2943 1020 2989 re
1043 2922 1108 2988 iam
1131 2921 1199 2989 fere
1222 2921 1376 2987 ambitum

267 3028 410 3095 locorum
423 3028 464 3094 ab
478 3027 622 3095 Isocrate
640 3028 674 3093 in
686 3029 884 3114 panegyrico
898 3029 970 3114 ipso
984 3028 1140 3095 imitando
1155 3048 1378 3114 expressorum

269 3135 468 3203 excessimus
483 3141 580 3219 atque
594 3135 628 3199 in
643 3155 789 3221 campum
803 3135 945 3202 universi
961 3134 1056 3203 16166
1071 3136 1208 3203 oratoris
1221 3134 1378 3203 sermonis

269 3242 373 3310 evecti
396 3262 517 3327 sumus,
545 3242 635 3309 66166
659 3240 789 3326 quidem
816 3242 900 3308 ratio
928 3242 972 3309 ad
994 3244 1228 3328 generaliorem
1254 3248 1378 3309 tantum

268 3349 358 3415 illam
379 3348 474 3416 huius
498 3349 698 3433 quaestionis
721 3355 847 3435 partem
870 3350 1018 3436 pertinet
1053 3351 1097 3416 At
1120 3351 1204 3417 enim
1226 3356 1301 3418 sunt
1323 3348 1378 3434 qui

269 3454 469 3542 epitaphium
491 3456 618 3522 omnino
640 3476 681 3523 ex
703 3456 857 3523 Isocratis
879 3457 1048 3524 verborum
1074 3478 1135 3525 666
1162 3465 1261 3541 61666
1283 3458 1379 3544 copia

270 3563 484 3648 conscriptum
507 3582 580 3630 esse
594 3562 703 3631 velint.
740 3562 855 3647 Itaque
878 3584 950 3650 quo,
973 3564 1002 3630 61
1024 3563 1103 3629 nihil
1126 3564 1225 3649 aliud,
1248 3570 1283 3630 at
1304 3565 1379 3630 hnic

270 3676 357 3736 certe
390 3669 530 3755 opinioni
563 3689 785 3755 occurramus,
820 3670 882 3736 hec
918 3669 1047 3754 quidem
1081 3670 1153 3737 loco
1190 3671 1249 3736 illa
1284 3692 1378 3755 argn-

269 3775 434 3843 mentandi
456 3776 580 3843 ratione
607 3783 737 3862 recepta
769 3778 802 3842 in
826 3777 1018 3860 quibusdam
1049 3778 1160 3864 etiam,
1197 3799 1280 3862 quae
1312 3779 1379 3844 fere

271 3882 353 3949 forte
367 3881 669 3968 animadvertimus,
694 3883 821 3968 exiguis
845 3884 982 3970 quidem,
1006 3884 1065 3952 sed
1086 3886 1204 3971 partim
1227 3886 1378 3953 creberri-

269 3990 331 4057 mis
362 3990 469 4057 verbis
500 3992 731 4075 verborumque
763 3991 978 4059 iunctionibus
1010 3992 1218 4060 ostendamus
1250 3994 1285 4059 in
1313 3994 1379 4079 epi·

270 4097 381 4183 taphio
406 4104 437 4162 et
460 4098 576 4165 ceteris
598 4098 718 4183 Lysiae
741 4098 940 4166 orationihus
963 4100 1102 4186 61166,
1125 4102 1158 4167 16
1181 4100 1379 4168 orationihus

271 4204 425 4271 Isocratis
457 4204 498 4271 ab
531 4205 588 4271 illa
616 4212 709 4291 parte
736 4204 801 4272 dno
830 4212 919 4271 certa
945 4208 1268 4292 quantulumcumque
1298 4208 1381 4273 inter

272 4330 308 4378 se
350 4310 480 4378 diversa
516 4311 678 4396 quaedam
719 4312 876 4379 idiomata
916 4315 1071 4381 sermonis
1108 4313 1248 4381 discerni
1282 4321 1381 4398 atque

272 4417 371 4485 statui
393 4438 499 4504 pesse.
