3034 5067
825 446 865 513 18

288 640 423 711 videtur.
467 638 551 710 Nam
573 648 608 707 nt
630 642 759 726 longius
782 661 972 728 pergamus,
1002 640 1122 725 Lysias
1148 640 1182 706 in
1210 660 1244 707 re
1271 639 1406 726 publica

289 750 431 835 gerenda
446 751 572 815 omnino
596 749 717 815 nullum
740 748 839 814 alium
862 755 981 814 statum
1000 748 1149 832 agnoseit
1170 747 1234 814 nisi
1257 754 1313 813 aut
1334 747 1406 832 ple-

287 879 363 923 nam
385 857 648 942 aequabilitatem
671 862 728 922 aut
751 856 938 923 servitutem
960 855 1012 921 vel
1036 854 1295 939 dominationem.
1331 855 1407 919 Hoc

289 966 395 1033 elucet
418 986 458 1032 ex
486 965 669 1050 antithetis,
698 984 781 1048 quae
811 969 952 1029 ceterum
979 982 1106 1046 quoque
1133 963 1215 1029 satis
1244 962 1407 1028 notabilia

289 1079 376 1159 sunt,
411 1074 499 1140 velut
536 1076 555 1152 ἓ
585 1075 627 1139 68
660 1078 831 1159 νικήσαντες
863 1077 913 1158 μὲν
943 1074 1001 1155 γὰρ
1032 1070 1165 1142 ἐκείνους
1191 1080 1255 1135 τῶν
1291 1068 1408 1136 αὐτῶν

289 1179 398 1268 ἠξίουν,
414 1183 645 1267 δυστυχήσαντες
654 1180 685 1243 δὲ
694 1182 808 1262 βέβαιον
821 1182 873 1263 τήν
887 1179 1053 1243 δουλείαν
1064 1188 1127 1249 τοῖς
1139 1176 1169 1242 ἐν
1183 1175 1407 1265 Πελοποννήσῳ
1482 1178 1484 1188 ’

238 1335 241 1343 ·
288 1290 456 1372 κατέλιπον,
491 1289 540 1372 12,
572 1289 615 1352 93
651 1284 827 1373 ἡττηθέντες
858 1290 909 1372 μὲν
940 1291 1078 1371 νικήσασι
1108 1290 1146 1348 τὸ
1171 1284 1249 1349 ἴσον
1279 1288 1406 1371 ἐχετε,

288 1401 461 1481 νικήσαντες
484 1390 509 1458 δ’
534 1391 569 1457 ἂν
593 1396 704 1465 τσῦτοις
726 1391 943 1457 ἐδουλεῦετε.
976 1391 1018 1455 ht
1036 1389 1230 1457 simillimum
1248 1390 1407 1474 quiddam

290 1507 340 1567 est
378 1503 427 1586 12,
464 1503 507 1568 36
544 1498 794 1587 (δυστυχήσαντες
831 1496 891 1585 δέ).
956 1497 999 1562 At
1034 1497 1093 1563 illa
1129 1497 1204 1583 ipsa
1240 1497 1406 1584 oppositio

290 1610 495 1674 δουλεῦειν-τὸ
515 1607 579 1674 ἰ’σον
604 1609 684 1693 ἐχειν
706 1605 866 1672 invenitur
888 1624 1000 1671 mrsus
1022 1607 1043 1684 ξ
1067 1606 1119 1689 56,
1146 1598 1227 1670 cum'
1240 1605 1406 1671 Isocrates

291 1714 420 1799 quidem
442 1714 594 1781 videlieet
616 1713 724 1779 hiatus
749 1712 893 1779 evitandi
916 1732 1017 1778 causa
1043 1732 1108 1777 non
1134 1719 1236 1797 ponat
1261 1713 1325 1779 nisi
1352 1734 1405 1778 ar-

292 1820 390 1888 ticulo
415 1822 533 1889 omisso
554 1821 620 1887 ἴσον
646 1821 727 1909 ἔχειν
757 1824 786 1905 7,
809 1822 862 1887 69.
911 1822 1058 1904 12,119.
1105 1823 1155 1905 14,
1178 1823 1229 1887 20.
1277 1824 1327 1905 18,
1350 1824 1406 1888 23.

256 1944 260 1951 ·
290 1928 384 2014 Item,
414 1935 449 1995 ut
481 1928 604 1995 idvhoo
634 1928 706 1993 looo
730 1928 950 2011 absolvamus,
981 1927 1016 1992 in
1047 1926 1204 1993 eiusmodi
1235 1926 1406 1994 antithetis

290 2036 403 2103 eadem
426 2035 525 2101 verba
557 2034 732 2120 superandi
765 2041 798 2101 et
826 2033 1052 2101 succumbendi
1083 2035 1166 2100 inter
1198 2055 1234 2100 se
1264 2034 1405 2103 variant.

289 2144 373 2211 Nam
396 2142 495 2210 etiam
509 2141 589 2210 illud
604 2140 782 2231 ἡττηθέντες
805 2148 1042 2231 μέν-νικήσαντες
1065 2144 1096 2207 δὲ
1117 2161 1228 2208 rursus
1243 2142 1406 2208 invenitur

292 2252 312 2330 ἓ
339 2253 388 2336 14,
411 2250 451 2316 cf.
474 2252 527 2335 34,
550 2253 579 2317 8.
625 2248 660 2337 (8
685 2253 736 2317 38.
762 2252 813 2335 12,
836 2252 901 2333 36).
946 2250 990 2314 At
1012 2248 1099 2334 apud
1127 2248 1211 2315 alios
1233 2248 1405 2334 imprimis·

293 2377 355 2441 que
388 2356 475 2443 apud
506 2358 682 2424 Isocratem
714 2357 748 2421 in
779 2356 841 2422 hac
872 2376 907 2421 re
938 2376 1043 2441 paene
1074 2375 1139 2422 non
1166 2356 1310 2423 invenies
1339 2356 1406 2423 nisi

290 2464 472 2531 sexcenties
496 2484 575 2531 eane
597 2462 677 2529 illud
699 2464 816 2530 lectius
838 2465 1233 2551 κατορθώσας-διαμαρτών.

356 2570 498 2657 Deinde,
531 2577 566 2637 ut
589 2572 631 2637 ab
654 2571 719 2636 alio
742 2571 900 2656 principio
929 2569 1078 2637 exordiar
1106 2569 1227 2655 dicere,
1259 2570 1405 2636 iustitiae

291 2678 530 2762 aequitatisque
572 2678 698 2763 speeies
735 2697 776 2742 ao
806 2677 894 2742 notio
925 2682 1090 2760 tamquam
1121 2675 1209 2742 filum
1240 2676 1406 2760 quoddam

290 2787 446 2853 intextum
468 2780 526 2871 per¹
548 2786 668 2871 Lysiae
692 2785 855 2851 orationes
877 2783 1015 2850 trahitur
1043 2784 1247 2867 dilucideque
1275 2786 1309 2849 in
1336 2785 1404 2870 epi-

292 2895 402 2979 taphio
427 2894 621 2978 agnoscitur.
666 2894 713 2959 Ac
735 2892 1050 2979 praestantissimum
1072 2892 1215 2959 iustitiae
1237 2911 1352 2958 munus
1370 2898 1406 2957 et

291 3001 432 3068 officium
455 3002 507 3068 his
529 3000 636 3067 verbis
658 3000 787 3066 videtur
802 3020 1004 3086 expressum:
1029 3002 1107 3079 §19
1130 3002 1217 3072 τοὺς
1240 2999 1406 3079 ἀγαθοὺς

290 3113 529 3195 τιμῶντεςκαί
544 3110 1013 3182 τοῦςκακοῦςκυλαζοντες,
1029 3106 1406 3191 31,3οτοὺςάηαθοὺς

259 3298 261 3302 ,
290 3215 551 3303 ἄνδρας-τιμᾶτε
573 3219 635 3281 καί
658 3217 738 3288 τοὺς
759 3217 897 3286 κακοὺς
920 3212 1083 3300 ἀτιμάζετε,
1108 3212 1147 3277 cf.
1161 3212 1204 3278 ib.
1219 3214 1270 3296 26,
1286 3210 1405 3277 deinde

293 3324 335 3387 29
361 3322 620 3409 ἐτιμήσατε-μή
642 3323 822 3390 κολάσετε.
867 3321 961 3386 Licet
983 3328 1090 3385 autem
1114 3339 1252 3403 sequena
1276 3325 1404 3385 senten-

290 3428 337 3493 tia
366 3428 497 3513 paulum
526 3427 675 3511 quaesita
706 3434 804 3511 atque
834 3429 941 3494 verbis
973 3427 1111 3494 dilatata
1142 3447 1216 3493 esse
1247 3426 1405 3511 videatur,

290 3541 398 3601 tamen
422 3536 550 3619 singula
578 3555 725 3619 quaeque
753 3535 822 3602 eius
850 3536 1008 3601 elementa
1036 3534 1191 3620 exemplis
1220 3535 1300 3600 satis
1331 3552 1405 3619 pro-

291 3642 362 3707 bari
398 3648 548 3728 possunt:
590 3646 610 3722 ξ
650 3646 691 3709 14
731 3645 800 3716 τοὺς
840 3642 1100 3729 ἀδικουμένους
1136 3642 1300 3717 ἐλεοῦντες,
1336 3643 1406 3713 τοῦς

291 3746 532 3835 δ’ῦβρίζοντας
554 3759 735 3837 μισοῦτες,
764 3754 816 3814 καὶ
843 3752 910 3821 τοῦς
932 3754 984 3835 μέν
1005 3752 1157 3815 κωλῦειν
1179 3748 1403 3834 ἐπιχειροῦντες,

289 3868 351 3929 τοῖς
373 3856 610 3941 δ’ἐπικουρεῐν
634 3856 793 3933 ἀξιοῦντες,
821 3858 873 3941 28,
901 3858 940 3921 13
961 3865 1013 3920 τοῦ
1036 3858 1149 3920 δικαίου
1176 3854 1405 3942 ἐπιθυμοῦντες-

289 3969 342 4030 καί
363 3966 431 4037 τοῦς
454 3964 668 4036 ἀδικοῦντας
690 3973 888 4050 μισοῦντες,
913 3964 1001 4046 33,2
1020 3960 1068 4047 (8)
1090 3964 1173 4034 τοὺς
1194 3958 1405 4046 ὑβρίζοντας

291 4072 485 4147 ἐκώλυσεν,
515 4073 545 4156 3,
576 4073 617 4138 18
645 4070 686 4143 ὡς
714 4069 962 4157 ἀδικουμένοις
990 4067 1281 4154 ἐπικουροῦντιυν.
1337 4066 1404 4132 Sed

291 4178 464 4263 praeoique
494 4177 621 4261 signum
653 4176 798 4243 iustitiae
830 4175 946 4241 dicitur
978 4181 1074 4259 atque
1105 4174 1312 4261 praedicatur
1341 4186 1405 4246 τοῖς

291 4284 488 4373 ἀδικουμένοις
512 4288 643 4371 βοηθεῖν,
668 4282 754 4366 quod
779 4290 829 4349 est
851 4286 872 4363 ξ
898 4286 947 4349 14.
971 4286 992 4363 ἓ
1017 4287 1067 4349 67.
1091 4285 1195 4367 34,10.
1233 4281 1270 4346 Ιιι
1292 4280 1355 4345 hac
1369 4300 1404 4346 re

291 4394 369 4471 §22
392 4396 557 4479 προθῦμως
579 4400 641 4464 τοῖς
668 4392 867 4478 ἀδικουμένοις
893 4390 995 4478 ἥξουσι
1023 4392 1224 4477 βοηθήσοντες
1250 4387 1404 4453 concinne

292 4500 386 4581 quasi
409 4499 551 4565 refieitur
572 4498 789 4565 iunctionibus
814 4501 865 4583 14,
887 4500 930 4563 22
953 4522 1002 4582 πρ.
1021 4523 1045 4563 τ.
1063 4498 1196 4562 ἀδικοῦσι
1219 4499 1257 4578 β,
1287 4496 1337 4580 18,
1361 4496 1404 4561 25
