3034 5067
653 437 691 501 17

111 633 303 719 -μεγάλην
335 635 386 718 τὴν
417 633 501 697 πόλιν
533 640 717 703 ποιοῦντες
749 628 780 695 ἐν
810 641 850 713 τῷ
888 630 1009 713 πολέμῳ
1047 631 1232 703 τεθνᾶσιν,

112 736 139 802 οἱ
163 740 194 802 δέ
216 735 300 822 δπέρ
323 750 385 824 τῆς
399 772 415 785 -
430 736 638 822 ἐλευθερίας
665 742 783 803 κώνειον
798 742 917 809 πιόντες.
960 734 1120 801 Iamvero
1143 752 1227 817 quae

112 850 222 909 orator
238 843 279 909 de
294 845 506 930 temperantia
522 850 553 910 et
568 844 765 911 abstinentia
779 842 866 929 dicit,
882 862 946 926 qua
960 842 1134 927 populares
1149 841 1227 907 urbe

110 956 244 1035 recepta
258 950 292 1016 in
302 950 389 1017 cives
399 951 542 1017 urbanae
552 950 703 1017 factionis
716 949 768 1016 usi
783 949 855 1035 siut,
869 948 1129 1034 praeclarissime
1143 948 1227 1012 inter

112 1078 148 1123 sc
164 1063 342 1141 congruunt
352 1056 498 1140 adeoque
510 1058 571 1124 sibi
580 1056 785 1143 respondent,
799 1062 835 1122 ut
848 1076 953 1141 paone
966 1076 1050 1139 quae
1064 1056 1099 1121 in
1113 1054 1229 1122 ceteris

112 1164 315 1229 orationibus
337 1164 461 1248 passim
493 1164 708 1249 inveniuntur,
742 1184 782 1229 ea
806 1163 899 1246 quasi
922 1162 1060 1228 disiecta
1086 1161 1230 1227 membra

114 1291 189 1338 esre
212 1270 384 1338 videantur
407 1271 542 1358 illorum,
565 1292 649 1355 quae
672 1271 705 1336 in
728 1270 895 1356 epitaphio
918 1268 1036 1335 dehac
1059 1267 1230 1353 rescripta
1276 1326 1281 1335 .

117 1384 202 1445 aunt.

113 1506 203 1583 §64
227 1500 281 1569 οίυι
307 1502 364 1567 ἐπὶ
390 1510 562 1591 τιμωρίαν
591 1516 647 1569 τῶν
702 1504 754 1587 18,
790 1504 830 1569 18
862 1499 904 1575 είς
933 1500 1068 1589 ὁμόνοιαν
1104 1497 1231 1587 εὔχεσθε

158 1609 290 1696 ἐχθρῶν,
337 1609 452 1675 &altre
501 1616 647 1698 σωτηρίαν
744 1621 922 1696 καταστῆναι
942 1614 1002 1695 τὴν
1026 1610 1124 1674 πόλιν
1153 1609 1231 1694 μᾶλ-

159 1729 223 1804 τῆς
245 1720 386 1791 πόλεως
412 1716 611 1802 ἐτράποντο
744 1714 1231 1802 λονῆἐπὶτιμωρίαν·τραπό·

775 1844 862 1897 ενοι,

111 1933 167 2022 aeri
196 1927 254 1995 οὔτ’
276 1929 472 1998 ἐλαττοῦσθαι
494 1933 646 2018 δυνάμενοι
704 1847 806 2014 1553
815 1936 958 2014 κρείττους
967 1926 1056 2011 ὄντες,
1066 1926 1165 2013 ctae,
1180 1931 1231 1995 19.
1260 1936 1264 1942 ’

24 2048 26 2055 “
113 2034 183 2101 οίίτε
206 2038 310 2102 πλέον
337 2038 433 2125 ἔχειν
456 2040 584 2125 δεόμενοι
705 2038 753 2120 12,
777 2038 821 2101 92
847 2040 880 2100 τὸ
906 2034 971 2101 ἴσον
1000 2036 1103 2120 ἔχετε
1133 2039 1190 2116 (sc.
1205 2034 1232 2100 οἱ

745 2142 776 2207 έν
797 2141 904 2218 ἄστει,

112 2262 167 2337 τῆς
191 2255 242 2337 μὲν
266 2248 359 2316 αδτῶν
386 2250 603 2337 ἐλευθερίας
704 2251 754 2333 14,
777 2252 821 2315 34
843 2140 1091 2336 πλλθος-τῶνδέ
1108 2251 1232 2315 πολιτῶν

114 2360 177 2421 οιαὶ
203 2368 277 2431 τοῖς
305 2360 532 2445 βουλομένοις
569 2360 647 2423 δου·
699 2358 863 2429 καὶτοὺς
887 2356 1130 2440 βουλομένους
1153 2358 1231 2421 δου-

160 2465 276 2528 λείιειν
303 2467 508 2551 μετέδοσαν,
749 2464 865 2529 λείιειν
900 2461 1164 2549 ἠλευθέρωσεν,

8 2578 13 2591 “
115 2568 220 2655 τῆςδ
233 2569 349 2639 ἐκείνων
375 2572 544 2644 δουλείας
566 2568 648 2635 αι’)τοί
702 2572 798 2655 26,2
843 2567 923 2636 οίιδέ
967 2583 1021 2657 τῆς
1062 2572 1231 2644 δουλείας

161 2683 324 2764 μετέχειν
347 2675 401 2743 oon
419 2676 598 2764 ἠξίωσαν·
746 2674 812 2763 υμῖν
826 2680 1042 2765 μεταδοῦναι
1060 2674 1230 2763 ἠξίωσαν,

745 2780 827 2871 ὑμεῖς
866 2786 984 2872 δὲ-τῆς
1016 2783 1232 2868 ἐλευθερίοις

746 2887 845 2964 αίιτοῑς
858 2930 874 2941 -
889 2894 1067 2978 μετέδοτε.

116 3085 155 3151 Si
178 3105 249 3151 cum
280 3086 381 3170 primo
414 3085 470 3151 illo
503 3084 659 3172 epitaphii
692 3085 850 3151 antitheto
881 3086 1100 3171 componimus
1133 3090 1154 3167 ἓ
1191 3090 1231 3155 16

115 3199 169 3279 τήν
191 3192 223 3257 θ’
246 3193 355 3259 έαυτῶν
377 3200 523 3281 σωτηρίαν
543 3198 596 3259 οιαὶ
618 3198 670 3281 τὴν
693 3206 749 3260 τῶν
772 3194 892 3283 ἐχθρῶν
918 3201 1066 3283 τιμωρίαν,
1098 3195 1232 3261 alterius

114 3300 231 3365 harum
268 3300 463 3366 iunctionum
495 3301 602 3366 omnia
634 3301 799 3386 ipsissima
821 3302 928 3381 verba,
965 3301 1098 3369 alterius
1135 3303 1232 3368 etiam

117 3412 325 3493 annotarem,
349 3407 592 3473 collocationem
614 3415 866 3492 concentumque
894 3410 1062 3476 verborum
1094 3410 1232 3494 probare

115 3533 288 3599 possumus
312 3534 374 3580 uno
399 3514 545 3599 exemplo
569 3515 620 3599 25,
644 3517 695 3597 23,
717 3521 770 3582 καί
792 3528 857 3603 τῆς
883 3520 1233 3602 πόλεως-σωτηρίαν

114 3626 177 3687 καὶ
199 3633 264 3685 τῶν
287 3620 636 3709 ἐχθρῶν-τιμωρίαν.
684 3621 798 3706 Neque
820 3642 896 3688 vero
919 3623 1074 3707 postremi
1096 3621 1231 3689 illiusin

116 3727 284 3813 epitaphio
312 3727 462 3794 antitheti
490 3748 592 3811 genus
619 3729 837 3797 contentionis
868 3728 947 3795 alibi
979 3728 1067 3815 apud
1098 3729 1232 3814 Lysiam

116 3855 182 3900 non
205 3834 373 3900 invenitur.
418 3834 501 3903 Nam
523 3840 559 3901 ut
580 3835 641 3900 hoc
669 3835 741 3901 loco
770 3842 878 3916 orator
908 3836 1082 3921 populares
1115 3835 1232 3902 ceteris

116 3942 242 4009 civibus
270 3942 469 4029 libertatem,
502 3942 550 4009 sic
576 3945 628 4027 34,
656 3944 677 4009 5
710 3942 841 4010 eosdem
873 3943 988 4010 iisdem
1018 3964 1132 4027 agrum
1158 3963 1232 4009 oon-

116 4048 271 4115 oedentes
304 4049 384 4115 facit
410 4048 472 4115 hac
499 4050 667 4116 verborum
696 4056 856 4116 structura
883 4070 976 4117 usus:
1009 4048 1104 4124 οδςδ
1138 4053 1232 4138 δῆμος

115 4161 293 4239 παταχαχῶν
316 4152 382 4243 ὑμῖν
404 4161 455 4242 μὲν
477 4160 528 4243 τὴν
550 4154 691 4242 ὑμετέραν
721 4156 913 4236 ἀπέδωκεν,
937 4154 1047 4229 αίιτδς
1069 4158 1101 4223 δὲ
1122 4161 1233 4244 rute-qe

117 4260 182 4329 ota
204 4261 350 4349 ἐτόλμησε
374 4274 577 4350 μετασχεῖν.
624 4263 722 4329 Porro
737 4262 872 4348 perinde
895 4283 934 4329 ac
956 4263 1058 4331 tribus
1072 4262 1138 4329 illis
1152 4262 1233 4330 locis

14 4412 20 4445 r
117 4368 265 4436 condicio
294 4368 443 4436 factionis
473 4369 616 4435 urbanae
649 4369 787 4437 servitus
817 4370 954 4436 habetur
986 4376 1019 4436 et
1049 4369 1233 4455 appellator

117 4476 216 4543 etiam
240 4478 260 4554 ξ
286 4478 338 4544 61.
365 4478 413 4561 12,
437 4478 488 4560 93,
512 4477 563 4542 94.
603 4478 652 4561 14,
675 4478 727 4562 39,
751 4480 802 4561 29,
829 4479 879 4544 19.
913 4477 1027 4559 Neque
1044 4477 1106 4543 hoo
1119 4476 1233 4544 mirum

1037 4584 1055 4638 2
